@article{Daoutis2009,
year={2009},
title={Grounding commonsense knowledge in intelligent systems.},
journal={Journal of Ambient Intelligence and Smart Environments},
author={Daoutis, M. and Coradeshi, S and Loutfi, A}
}

@article{Coradeschi2013,
year={2013},
journal={KI - Kunstliche Intelligenz},
volume={27},
number={2},
title={A Short Review of Symbol Grounding in Robotic and Intelligent Systems},
publisher={Springer-Verlag},
keywords={Symbol grounding; Anchoring; Cognitive robotics; Social symbol grounding},
author={Coradeschi, Silvia and Loutfi, Amy and Wrede, Britta}
}

@article {Leslie1988,
author = {Leslie, Alan M. and Frith, Uta},
title = {Autistic children's understanding of seeing, knowing and believing},
journal = {British Journal of Developmental Psychology},
volume = {6},
number = {4},
publisher = {Blackwell Publishing Ltd},
issn = {2044-835X},
url = {http://dx.doi.org/10.1111/j.2044-835X.1988.tb01104.x},
doi = {10.1111/j.2044-835X.1988.tb01104.x},
pages = {315--324},
year = {1988},
}

@inproceedings{Mavridis2005,
   author = {Mavridis, N and Roy, D.},
   title = {Grounded situation models for robots: Bridging language, perception, and action},
   booktitle = {In AAAI-05 Workshop on Modular
Construction of Human-Like Intelligence}, 
   year = {2005}
}

@ARTICLE{Coradeschi2003,
  author = {Coradeschi, S. and Safﬁotti, A.},
  title = { An introduction to the anchoring problem.},
  journal = {Robotics and Autonomous Systems},
  year = {2003}
}

@inproceedings{Alili2009,
   author = {Alili, S and Alami, R and Montreuil, V.},
   title = {A Task Planner for an Autonomous Social Robot.},
   booktitle = {Distributed Autonomous Robotic Systems},
   year = {2009}
}

@ARTICLE{Althaus2004,
  author = {Althaus, P. and Ishiguro, H. and Kanda, T. and Miyashita, T. and Christensen, H.I.},
  title = {Navigation for Human-Robot Interaction Tasks},
  journal = {IEEE Int. Conf. on Robotics \& Automation, New Orleans, USA},
  year = {2004}
}

@ARTICLE{Alami1998,
  author = {Alami, R. and Chatila, R. and Fleury, S. and Ghallab, M. and Ingrand, F.},
  title = {An architecture for autonomy},
  journal = {International Journal of Robotic Research},
  year = {1998}
}

@inproceedings{Alami2011,
   author = {Alami, R. and Warnier, M. and Guitton, J. and Lemaignan, S. and Sisbot, E. A.},
   title = {When the robot considers the human....},
   booktitle = {Proceedings of the 15th International Symposium on Robotics Research},
   year = {2011}
}

@ARTICLE{Bratman1992,
  author = {Bratman, M. E.},
  title = {Shared cooperative activity},
  journal = {The Philosophical Review},
  year = {1992}
}

@ARTICLE{Breazeal2003,
  author = {Breazeal, C.},
  title = {Towards Sociable Robots},
  journal = {Robotics and Autonomous Syst.},
  year = {2003}
}

@Article{Breazeal2001,
  author = 	 {Breazeal, C. and Edsinger, A. and Fitzpatrick, P. and Scassellati, B.}, 
  title = 	 {Active vision for sociable robots},
  journal = 	 {IEEE Transactions on Systems, Man and Cybernetics, Part A},
  year = 	 {2001}
}

@article{breazeal2006,
	Author = {Breazeal, C. and Berlin, M. and Brooks, A. and Gray, J. and Thomaz, A.},
	Journal = {Robotics and Autonomous Systems},
	Title = {Using Perspective Taking to Learn from Ambiguous Demonstrations},
	Year = {2006}
}

@Book{Clark1996,
  author = 	 {Clark, H. H.},
  title = 	 {Using Language},
  publisher = 	 {Cambridge University Press},
  year = 	 {1996}
}

@INPROCEEDINGS{Clodic2007b,
  author= {Clodic, A and Alami, R and Montreuil, V and Li S and Wrede B and Swadzba A},
  title = {A study of interaction between dialog and decision for human-robot collaborative task achievement},
  booktitle = {IEEE ROMAN},
year = {2007}
}

@ARTICLE{Clodic2009,
  author = {Clodic, A and Cao, H and Alili S and Montreuil, V and Alami, R and Chatila, R.},
  title = {SHARY: A Supervision System Adapted to Human-Robot Interaction.},
  journal = {Springer Tracts in Advanced Robotics},
  year = {2009}
}

@INPROCEEDINGS{Clodic2007,
  author = {Clodic, A. and Ransan, M. and Alami, R. and Montreuil V.},
  title = {A management of mutual belief for human-robot interaction.},
  booktitle = {IEEE SMC},
  year = {2007}
}

@ARTICLE{Cohen1991,
  author = {Cohen, P. R. and Levesque, H. J.},
  title = {Teamwork},
  journal = {Nous},
  year = {1991}
}
@article{Tversky1999,
	Author = {Tversky, B. and Lee, P. and Mainwaring, S.},
	Journal = {Spatial Cognition and Computation},
	Number = {4},
	Pages = {399--412},
	Publisher = {Kluwer Academic Publishers},
	Title = {Why do speakers mix perspectives?},
	Volume = {1},
	Year = {1999}
}

@inbook{Flavell1992,
	Author = {Flavell, J.},
	Pages = {107-139},
	Publisher = {L. Erlbaum Associates},
	Title = {Perspectives on Perspective Taking},
	Year = {1992}
}


@article{pacherie2012phenomenology,
  title={The phenomenology of joint action: Self-agency vs. joint-agency},
  author={Pacherie, Elisabeth},
  journal={Joint attention: New developments},
  pages={343--389},
  year={2012},
  publisher={MIT Press}
}

@inproceedings{Fong_2006,
   author = "Fong, T. W.  and Kunz, C. and Hiatt, L. and Bugajska, M.",
   title = "The Human-Robot Interaction Operating System",
   booktitle = "HRI",
   year = "2006"
}

@ARTICLE{Grosz1996,
  author = {Grosz, B. J. and Kraus, S.},
  title = {Collaborative Plans for Complex Group Action},
  journal = {Artificial Intelligence},
  year = {1996}
}

@inproceedings{Guitton2012,
   author = { Guitton, J. and Warnier, M. and Alami, R.},
   title = {Belief Management for HRI Planning},
   booktitle = {BNC@ECAI},
   year = {2012}
}

@article{Johnson2005,
	Author = {Johnson, M. and Demiris, Y.},
	Journal = {Advanced Robotic Systems},
	Title = {Perceptual Perspective Taking and Action Recognition},
	Year = {2005}
}

@article{Knoblich2011,
	Author = {Knoblich G., Butterfill S., \& Sebanz N.},
	Journal = {In B. Ross (Ed.), The Psychology of Learning and Motivation},
	Title = {Psychological research on joint action: theory and data.},
	Year = {2011}
}

@inproceedings{Burger2008,
  author    = {Burger, B. and Ferrane, I. and Lerasle, F.},
  title     = {Multimodal Interaction Abilities for a Robot Companion},
  booktitle = {ICVS},
  year      = {2008},
  pages     = {549-558}
}

@Article{Klein2004,
  author = 	 {Klein, G. and Woods, D. D.and Bradshaw, J. M. and  Hoffman, R. R.and Feltovich, P. J.},
  title = 	 {Ten Challenges for Making Automation a "Team Player" in Joint Human-Agent Activity},
  journal =  {IEEE Intelligent Systems},
  year = 	 {2004}
}

@INPROCEEDINGS{Lemaignan2011,
  author = {Lemaignan, S. and Sisbot, A. and Alami, R.},
  title = {Anchoring interaction through symbolic knowledge},
  booktitle = {Proceedings of the 2011 Human-Robot Interaction Pioneers workshop},
  year = {2011}
}

@Article{Lemaignan2012,
  author = 	 {S.  Lemaignan and Raquel Ros and  E. Akin Sisbot and Rachid Alami and Michael Beetz and Broquère and D. Sidobre and R. Alami},
  title = 	 {Grounding the Interaction: Anchoring Situated Discourse in Everyday Human-Robot Interaction.},
  journal =  {International Journal of Social Robotics},
  year = 	 {2012}
}

@Article{Pacherie2008-a,
  author = 	 {Pacherie, E.},
  title = 	 {The phenomenology of action: A conceptual framework.},
  journal =  {Cognition},
  year = 	 {2008}
}
@Article{Pacherie2012-a,
  author = 	 {Pacherie, E.},
  title = 	 {Action},
  journal =  {In K. Frankish \& w. Ramsey (eds.), The Cambridge handbook of cognitive science. Cambridge University Press},
  year = 	 {2012}
}
@Article{Pacherie2012-j,
  author = 	 {Pacherie, E.},
  title = 	 {The phenomenology of Joint Action: Self-Agency vs Joint-Agency.},
  journal =  {In Axel Seemann (ed.), Joint Attention: New Developments, Cambridge MA: MIT Press},
  year = 	 {2012}
}
@Article{Pacherie2011-j,
  author = 	 {Pacherie, E.},
  title = 	 {Framing Joint Action.},
  journal =  {Review of Philosophy and Psychology},
  year = 	 {2011}
}
@Article{Pacherie2007-j,
  author = 	 {Pacherie, E.},
  title = 	 {Is collective intentionality really primitive?},
  journal =  {In M. Beaney, C. Penco \& M. Vignolo (Eds.), Mental processes: representing and infering, Cambridge, Cambridge Scholars press},
  year = 	 {2007}
}



@INPROCEEDINGS{Ros2010b,
  author = {Ros, R. and Lemaignan, S. and Sisbot, E.A. and Alami, R. and Steinwender, J. and Hamann, K. and Warneken, F.},
  title = {Which One? Grounding the Referent Based on Efficient Human-Robot Interaction},
  booktitle = {IEEE ROMAN},
  year = {2010}
}

@ARTICLE{Scassellati2002,
  author = {Scassellati, B.},
  title = {Theory of mind for a humanoid robot},
  journal = {Autonomous Robots},
  year = {2002},
  volume = {12},
  pages = {13--24},
  number = {1},
  publisher = {Springer}
}
@ARTICLE{Rich1997,
  author = {Rich, C. and Sidner, C. L.},
  title = {COLLAGEN: When Agents Collaborate with People},
  journal = {Proceedings of the first international conference on Autonomous Agents},
  year = {1997}
}
@ARTICLE{Sidner2005,
  author = {Sidner, C. L. and Lee, C. and Kidd, C. and Lesh, N. and Rich, C.},
  title = {Explorations in Engagement for Humans and Robots},
  journal = {Artificial Intelligence},
  year = {2005},
}
@inproceedings {Sisbot2008,
	author = {Sisbot, E. A. and Clodic, A. and Alami, R. and Ransan, M.},
	title = {Supervision and Motion Planning for a Mobile Manipulator Interacting with Humans},
	journal = {ACM/IEEE International Conference on Human-Robot Interaction (HRI 2008)},
	year = {2008}
}
@Article{Sisbot2007,
  author = 	 {Sisbot, E.A. and Marin-Urias, L.F. and Alami, R. and Simeon, T.},
  title = 	 {A Human Aware Mobile Robot Motion Planner},
  journal = 	 {IEEE Transactions on Robotics},
  year = 	 {2007},
  volume = 	 {23},
  number = 	 {5},
  pages = 	 {874-883},
}

@INPROCEEDINGS{Sisbot2011,
  author = {Sisbot, E.A. and Ros, R. and Alami, R.},
  title = {Situation Assessment for Human-Robot Interaction},
  booktitle = {IEEE ROMAN},
  year = {2011}
}

@article{Trafton2005,
	Author = {Trafton, J. and Cassimatis, N. and Bugajska, M. and Brock, D. and Mintz, F. and Schultz, A.},
	Journal = {IEEE Transactions on Systems, Man, and Cybernetics},
	Title = {Enabling Effective Human-robot Interaction Using Perspective-taking in Robots},
	Year = {2005}
}
@article{Pandey2013,
Author = { Pandey, A. K. and Alami, R.},
Title = {Towards Effect-Based Autonomous Understanding of Task Semantics for Human-Robot Interaction}, 
Journal = {International Journal of Social Robotics (IJSR)},
Year = {2013}
}


@article{Sisbot10,
	Author = {Emrah Akin Sisbot and Luis F. Marin-Urias and Xavier Broquere and Daniel Sidobre and Rachid Alami},
	Date-Added = {2010-09-12 11:36:38 +0200},
	Date-Modified = {2010-09-12 11:38:01 +0200},
	Journal = {International Journal of Social Robotics},
	Number = {3},
	Pages = {329--343},
	Title = {Synthesizing Robot Motions Adapted to Human Presence},
	Volume = {2},
	Year = {2010}}

@Article{Kulic2007,
  author = 	 {Kulic, D. and Croft, E.},
  title = 	 {Pre-collision safety strategies for human-robot interaction},
  journal =  {Autonomous Robots},
  year = 	 {2007},
}
@inproceedings{Kollar10,
	Author = {Kollar, T. and Tellex, S. and Roy, D. and Roy, N.},
	Booktitle = {HRI},
	Title = {Toward understanding natural language directions},
	Year = {2010}
}
@phdthesis{Tellex10,
	Author = {Tellex, S.},
	School = {MIT},
	Title = {Natural Language and Spatial Reasoning},
	Year = {2010}
}

@inproceedings{Matuszek10,
	Author = {Matuszek, C. and Fox, D. and Koscher, K.},
	Booktitle = {Int. Conf. on Human-Robot Interaction},
	Publisher = {ACM Press},
	Title = {Following Directions Using Statistical Machine Translation},
	Year = {2010}
}
@book{OKeefe1999,
	Author = {O'Keefe, J.},
	Publisher = {MIT Press},
	Title = {The Spatial Prepositions},
	Year = {1999}
}
@TECHREPORT{Berg2004,
  author = {Berg, J. van den and Overmars, M.},
  title = {Roadmap-based Motion Planning in Dynamic Environments},
  institution = {Utrecht University, NL},
  year = {2004}
}
@Article{Madhav2006,
  author = 	 {Madhava, K. and Alami, R. and Simeon, T.},
  title = 	 {Safe proactive plans and their execution},
  journal =	 {Robotics and Autonomous Systems},
  year = 	 {2006},
  volume = 	 {54},
  number = 	 {3},
  pages = 	 {244-255}
}
@article{Kulic07phi,
	Address = {New York, NY, USA},
	Author = {Kuli\'{c}, Dana and Croft, Elizabeth},
	Date-Added = {2009-09-23 12:34:53 +0200},
	Date-Modified = {2009-09-23 12:35:23 +0200},
	Doi = {http://dx.doi.org/10.1017/S0263574706002955},
	Issn = {0263-5747},
	Journal = {Robotica},
	Number = {1},
	Pages = {13--27},
	Publisher = {Cambridge University Press},
	Title = {Physiological and subjective responses to articulated robot motion},
	Volume = {25},
	Year = {2007},
	Bdsk-Url-1 = {http://dx.doi.org/10.1017/S0263574706002955}}

@ARTICLE{Beetz2010a,
  author = {Michael Beetz and Moritz Tenorth and Dominik Jain and Jan Bandouch},
  title = {Towards Automated Models of Activities of Daily Life},
  journal = {Technology and Disability},
  year = {2010},
  volume = {22},
  pages = {27--40},
  number = {1-2},
  publisher = {IOS Press}
}


@article{Sisbot2012,
	Title = {A Human-Aware Manipulation Planner},
	Author = {Sisbot, E.A. and Alami, R.},
Journal = {IEEE Transactions on Robotics},
	Year = {2012}
}


@article{Skubic2004,
	Author = {M. Skubic and D. Perzanowski and S. Blisard and A. Schultz and W. Adams and M. Bugajska and D. Brock},
	Journal = {IEEE Transactions on Systems, Man, and Cybernetics, Part C: Applications and Reviews},
	Number = {2},
	Pages = {154--167},
	Title = {Spatial language for human-robot dialogs},
	Volume = {34},
	Year = {2004}
}


@INPROCEEDINGS{Blisard2005a,
  author = {Blisard, S.N. and Skubic, M.},
  title = {Modeling spatial referencing language for human-robot interaction},
  booktitle = {IEEE International Workshop on Robot and Human Interactive Communication},
  year = {2005},
  pages = {698--703},
  __markedentry = {[slemaign]},
  owner = {slemaign},
  timestamp = {2012.04.26}
}
@Article{Tambe2005a,
  author = 	 {Tambe, M.},
  title = 	 {Towards Flexible Teamwork},
  journal =  {JAIR},
  year = 	 {1997},
}

@ARTICLE{Kemp2007,
  author = {Kemp, C.C. and  Edsinger, A. Torres-Jara, E.},
  title = { Challenges for robot manipulation in human environments},
  journal = {Robotics \& Automation Magazine, IEEE},
  year = {2007}
}
@conference{Edsinger06,
	Author = {Edsinger, A. and Kemp, C.C.},
	Booktitle = {IEEE-RAS International Conference on Humanoid Robots, Humanoids},
	Date-Added = {2009-09-07 10:55:30 +0200},
	Date-Modified = {2009-09-07 10:59:34 +0200},
	Doi = {10.1109/ICHR.2006.321370},
	Keywords = {humanoid robots, man-machine systems, manipulators, path planningDomo humanoid robot, behavior-based control system, cooperative manipulation, human environment, object grasping, person-robot cooperation, robot manipulation, task relevant features},
	Month = {Dec.},
	Pages = {102-109},
	Title = {Manipulation in Human Environments},
	Year = {2006},
	Bdsk-Url-1 = {http://dx.doi.org/10.1109/ICHR.2006.321370}}


@book{Laugier07,
	Date-Added = {2008-10-03 14:25:49 +0200},
	Date-Modified = {2008-10-03 14:28:00 +0200},
	Editor = {Christian Laugier and Raja Chatila},
	Keywords = {fundamental, Navigation, dynamic},
	Publisher = {Springer},
	Series = {Springer Tracts in Advanced Robotics},
	Title = {Autonomous Navigation in Dynamic Environments},
	Volume = {35},
	Year = {2007}}



@incollection{grosz1999evolution,
  title={The evolution of SharedPlans},
  author={Grosz, Barbara J and Kraus, Sarit},
  booktitle={Foundations of rational agency},
  pages={227--262},
  year={1999},
  publisher={Springer}
}

@article{grosz1996collaborative,
  title={Collaborative plans for complex group action},
  author={Grosz, Barbara J and Kraus, Sarit},
  journal={Artificial Intelligence},
  volume={86},
  number={2},
  pages={269--357},
  year={1996},
  publisher={Elsevier}
}

@book{bratman2013shared,
  title={Shared agency: A planning theory of acting together},
  author={Bratman, Michael E},
  year={2013},
  publisher={Oxford University Press}
}

@article{Tomasello2005,
	Author = {Tomasello, M. and Carpenter, M. and Call, J. and Behne, T. and Moll H.},
	Journal = {Behavioral and Brain Sciences},
	Title = {Understanding and sharing intentions: The origins of cultural cognition.},
	Year = {2005}
}



@INPROCEEDINGS{Simeon2001,
  author = {Siméon, T. and Laumond, J.-P. and Lamiraux, F.},
  title = {Move3D: a generic platform for path planning},
  booktitle = {4th International Symposium on Assembly and Task Planning},
  year = {2001}
}


@article{BreazealGB09,
  author    = {Cynthia Breazeal and
               Jesse Gray and
               Matt Berlin},
  title     = {An Embodied Cognition Approach to Mindreading Skills for
               Socially Intelligent Robots},
  journal   = {I. J. Robotic Res.},
  year      = {2009}
}

@INPROCEEDINGS{Warnier2012a,
  author = {Mathieu Warnier and Julien Guitton and Séverin Lemaignan and Rachid
        Alami},
  title = {When the robot puts itself in your shoes. {E}xplicit geometric management
        of position beliefs.},
  booktitle = {Proceedings of the 21st IEEE International Symposium on Robot and
        Human Interactive Communication},
  year = {2012},
}

@article{Baron1985,
title = "Does the autistic child have a 'theory of mind'?",
journal = "Cognition",
volume = "21",
number = "1",
pages = "37 - 46",
year = "1985",
author = " Baron-Cohen S, Leslie AM, Frith U"
}

@article{Wimmer1983103,
title = "Beliefs about beliefs: Representation and constraining function of wron
g beliefs in young children's understanding of deception",
journal = "Cognition",
volume = "13",
number = "1",
pages = "103 - 128",
year = "1983",
author = "Heinz Wimmer and Josef Perner"
}

@inproceedings{karpas2015robust,
  title={Robust Execution of Plans for Human-Robot Teams},
  author={Karpas, Erez and Levine, Steven J and Yu, Peng and Williams, Brian C},
  booktitle={Twenty-Fifth International Conference on Automated Planning and Scheduling},
  year={2015}
}


@article{nikolaidis2012human,
	author = "Nikolaidis, Stefanos and Shah, Julie",
	journal = "ACM/IEEE HRI",
	title = "{Human-robot teaming using shared mental models}",
	year = "2012"
}


@inproceedings{nikolaidis2013human,
	author = "Nikolaidis, Stefanos and Shah, Julie",
	booktitle = "{Proceedings of the 8th ACM/IEEE international conference on Human-robot interaction}",
	organization = "IEEE Press",
	pages = "33--40",
	title = "{Human-robot cross-training: computational formulation, modeling and evaluation of a human team training strategy}",
	year = "2013"
}

@article{alami1998architecture,
  title={An architecture for autonomy},
  author={Alami, Rachid and Chatila, Raja and Fleury, Sara and Ghallab, Malik and Ingrand, F{\'e}lix},
  journal={The International Journal of Robotics Research},
  volume={17},
  number={4},
  pages={315--337},
  year={1998},
  publisher={SAGE Publications}
}

@inproceedings{alami2011robot,
  title={When the robot considers the human...},
  author={Alami, Rachid and Warnier, Mathieu and Guitton, Julien and Lemaignan, Severin and Sisbot, Emrah Akin},
  booktitle={Proceedings of the 15th international symposium on robotics research},
  year={2011}
}

@inproceedings{alami2013human,
  title={On human models for collaborative robots},
  author={Alami, Rachid},
  booktitle={Collaboration Technologies and Systems (CTS), 2013 International Conference on},
  pages={191--194},
  year={2013},
  organization={IEEE}
}

@inproceedings{mainprice2013human,
	author = "Mainprice, Jim and Berenson, Dmitry",
	booktitle = "{Intelligent Robots and Systems (IROS), 2013 IEEE/RSJ International Conference on}",
	organization = "IEEE",
	pages = "299--306",
	title = "{Human-robot collaborative manipulation planning using early prediction of human motion}",
	year = "2013"
}

@article{thomson2010bayesian,
  title={Bayesian update of dialogue state: A POMDP framework for spoken dialogue systems},
  author={Thomson, Blaise and Young, Steve},
  journal={Computer Speech \& Language},
  volume={24},
  number={4},
  pages={562--588},
  year={2010},
  publisher={Elsevier}
}

@book{siciliano2008springer,
  title={Springer handbook of robotics},
  author={Siciliano, Bruno and Khatib, Oussama},
  year={2008},
  publisher={Springer Science \& Business Media}
}

@INPROCEEDINGS{fioreiser2014,
 author = {Michelangelo Fiore and Aur{\'e}lie Clodic and Rachid Alami}, 
 title = {On Planning and Task achievement Modalities
for Human-Robot Collaboration.},
 booktitle = {The 2014 International Symposium on Experimental Robotics}, 
 year = {2014}, }



@article{alili2009planning,
	author = "Alili, Samir and Warnier, Matthieu and Ali, Muhammad and Alami, Rachid",
	journal = "Proc. of the 19th ICAPS",
	title = "{Planning and plan-execution for human-robot cooperative task achievement}",
	year = "2009"
}


@inproceedings{Fong_2006,
	author = "Fong, T. W. and Kunz, C. and Hiatt, L. and Bugajska, M.",
	booktitle = "{2006 Human-Robot Interaction Conference}",
	month = "March",
	publisher = "ACM",
	title = "{The Human-Robot Interaction Operating System}",
	year = "2006"
}

@article{Grosz1996,
	author = "Grosz, B. J. and Kraus, S.",
	journal = "Artificial Intelligence",
	pages = "269--358",
	title = "{Collaborative Plans for Complex Group Action}",
	volume = "86",
	year = "1996"
}


@article{Madhav2006,
	author = "Madhava, K. and Alami, R. and Simeon, T.",
	journal = "Robotics and Autonomous Systems",
	number = "3",
	pages = "244--255",
	title = "{Safe proactive plans and their execution}",
	volume = "54",
	year = "2006"
}


@article{Tambe2005a,
	author = "Tambe, M.",
	journal = "JAIR",
	pages = "83--124",
	title = "{Towards Flexible Teamwork}",
	volume = "7",
	year = "1997"
}



@inproceedings{clodic2009shary,
	author = "Clodic, Aur{\'e}lie and Cao, Hung and Alili, Samir and Montreuil, Vincent and Alami, Rachid and Chatila, Raja",
	booktitle = "{Experimental Robotics}",
	organization = "Springer",
	pages = "229--238",
	title = "{Shary: a supervision system adapted to human-robot interaction}",
	year = "2009"
}


@article{nikolaidis2012human,
	author = "Nikolaidis, Stefanos and Shah, Julie",
	journal = "ACM/IEEE HRI",
	title = "{Human-robot teaming using shared mental models}",
	year = "2012"
}

@inproceedings{nikolaidis2013human,
	author = "Nikolaidis, Stefanos and Shah, Julie",
	booktitle = "{Proceedings of the 8th ACM/IEEE international conference on Human-robot interaction}",
	organization = "IEEE Press",
	pages = "33--40",
	title = "{Human-robot cross-training: computational formulation, modeling and evaluation of a human team training strategy}",
	year = "2013"
}



@inproceedings{shah2011improved,
	author = "Shah, Julie and Wiken, James and Williams, Brian and Breazeal, Cynthia",
	booktitle = "{Proceedings of the 6th international conference on Human-robot interaction}",
	organization = "ACM",
	pages = "29--36",
	title = "{Improved human-robot team performance using chaski, a human-inspired plan execution system}",
	year = "2011"
}



@inproceedings{nikolaidis2013human,
	author = "Nikolaidis, Stefanos and Lasota, Przemyslaw and Rossano, Gregory and Martinez, Carlos and Fuhlbrigge, Thomas and Shah, Julie",
	booktitle = "{Robotics (ISR), 2013 44th International Symposium on}",
	organization = "IEEE",
	pages = "1--6",
	title = "{Human-robot collaboration in manufacturing: Quantitative evaluation of predictable, convergent joint action}",
	year = "2013"
}

@article{Alami1998,
	author = "Alami, R. and Chatila, R. and Fleury, S. and Ghallab, M. and Ingrand, F.",
	journal = "International Journal of robotics Research, Special Issue on Integrated Architectures for Robot Control and Programming",
	number = "4",
	title = "{An Architecture for Autonomy}",
	volume = "17",
	year = "1998"
}


@article{Breazeal2003,
	author = "Breazeal, C.",
	journal = "Robotics and Autonomous Syst.",
	pages = "167--175",
	title = "{Towards Sociable Robots}",
	year = "2003"
}

@article{Breazeal2001,
	author = "Breazeal, C. and Edsinger, A. and Fitzpatrick, P. and Scassellati, B.",
	journal = "IEEE Transactions on Systems, Man and Cybernetics, Part A",
	number = "5",
	pages = "443--453",
	title = "{Active vision for sociable robots}",
	volume = "31",
	year = "2001"
}

@inproceedings{briggs2011facilitating,
  title={Facilitating mental modeling in collaborative human-robot interaction through adverbial cues},
  author={Briggs, Gordon and Scheutz, Matthias},
  booktitle={Proceedings of the SIGDIAL 2011 Conference},
  pages={239--247},
  year={2011},
  organization={Association for Computational Linguistics}
}

@article{Kemp2007,
	author = "Kemp, C.C. and Edsinger, A. Torres-Jara E.",
	journal = "Robotics \& Automation Magazine, IEEE",
	title = "{Challenges for robot manipulation in human environments}",
	year = "2007"
}


@article{Klein2004,
	author = "Klein, G. and Woods, D. D.and Bradshaw J. M. and Hoffman, R. R.and Feltovich P. J.",
	journal = "IEEE Intelligent Systems",
	number = "6",
	pages = "91--95",
	title = {{Ten Challenges for Making Automation a "Team Player" in Joint Human-Agent Activity}},
	volume = "19",
	year = "2004"
}


@inproceedings{Kollar10,
	author = "Kollar, T. and Tellex, S. and Roy, D. and Roy, N.",
	booktitle = "{HRI}",
	pages = "259--266",
	title = "{Toward understanding natural language directions}",
	year = "2010"
}

@article{Kulic2007,
	author = "Kulic, D. and Croft, E.",
	journal = "Autonomous Robots",
	number = "2",
	pages = "149--164",
	title = "{Pre-collision safety strategies for human-robot interaction}",
	volume = "22",
	year = "2007"
}

@inproceedings{Lemaignan2011,
	author = "Lemaignan, S. and Sisbot, A. and Alami, R.",
	booktitle = "{Proceedings of the 2011 Human-Robot Interaction Pioneers workshop}",
	title = "{Anchoring interaction through symbolic knowledge}",
	year = "2011"
}

@inproceedings{Lemaignan2010,
	author = "Lemaignan, S. and Ros, R. and Mosenlechner, L. and Alami, R. and Beetz, M.",
	booktitle = "{Proceedings of the 2010 IEEE/RSJ International Conference on Intelligent Robots and Systems}",
	title = "{ORO, a knowledge management module for cognitive architectures in robotics}",
	year = "2010"
}


@inproceedings{Mainprice2011,
	author = "Mainprice, J. and Sisbot, E.A. and Jaillet, L. and Cortes, J. and Alami, R. and Simeon, T.",
	booktitle = "{IEEE International Conference on Robotics and Automation}",
	title = "{Planning human-aware motions using a sampling-based costmap planner}",
	year = "2011"
}



}

@inproceedings{Pandey2010,
	author = "Pandey, A.K. and Alami, R.",
	booktitle = "{IEEE/RSJ International Conference on Intelligent Robots and Systems}",
	title = "{Mightability maps: A perceptual level decisional framework for co-operative and competitive human-robot interaction}",
	year = "2010"
}


@inproceedings{Sisbot2008,
	author = "Sisbot, E. A. and Clodic, A. and Alami, R. and Ransan, M.",
	journal = "ACM/IEEE International Conference on Human-Robot Interaction (HRI 2008)",
	title = "{Supervision and Motion Planning for a Mobile Manipulator Interacting with Humans}",
	year = "2008"
}


@article{Sisbot2007,
	author = "Sisbot, E.A. and Marin-Urias, L.F. and Alami, R. and Simeon, T.",
	journal = "IEEE Transactions on Robotics",
	number = "5",
	pages = "874--883",
	title = "{A Human Aware Mobile Robot Motion Planner}",
	volume = "23",
	year = "2007"
}


@inproceedings{Sisbot2011,
	author = "Sisbot, E.A. and Ros, R. and Alami, R.",
	booktitle = "{20th IEEE International Symposium in Robot and Human Interactive Communication}",
	title = "{Situation Assessment for Human-Robot Interaction}",
	year = "2011"
}


@article{Skubic2004,
	author = "Skubic, M. and Perzanowski, D. and Blisard, S. and Schultz, A. and Adams, W. and Bugajska, M. and Brock, D.",
	journal = "IEEE Transactions on Systems, Man, and Cybernetics, Part C: Applications and Reviews",
	number = "2",
	pages = "154--167",
	title = "{Spatial language for human-robot dialogs}",
	volume = "34",
	year = "2004"
}



@phdthesis{Tellex10,
	author = "Tellex, S.",
	school = "MIT",
	title = "{Natural Language and Spatial Reasoning}",
	year = "2010"
}



@inproceedings{mutlu2013coordination,
	author = "Mutlu, Bilge and Terrell, Allison and Huang, Chien-Ming",
	booktitle = "{ACM/IEEE Intl. Conf. on Human-Robot Interaction (HRI)-Workshop on Collaborative Manipulation}",
	pages = "1--6",
	title = "{Coordination mechanisms in human-robot collaboration}",
	year = "2013"
}



@inproceedings{torrey2013robot,
	author = "Torrey, Cristen and Fussell, Susan R and Kiesler, Sara",
	booktitle = "{Human-Robot Interaction (HRI), 2013 8th ACM/IEEE International Conference on}",
	organization = "IEEE",
	pages = "275--282",
	title = "{How a robot should give advice}",
	year = "2013"
}


@inproceedings{unhelkar2014comparative,
	author = "Unhelkar, Vaibhav V and Siu, Ho Chit and Shah, Julie A",
	booktitle = "{Proceedings of the 2014 ACM/IEEE international conference on Human-robot interaction}",
	organization = "ACM",
	pages = "82--89",
	title = "{Comparative performance of human and mobile robotic assistants in collaborative fetch-and-deliver tasks}",
	year = "2014"
}


@article{strabala2013towards,
	author = "Strabala, Kyle Wayne and Lee, Min Kyung and Dragan, Anca Diana and Forlizzi, Jodi Lee and Srinivasa, Siddhartha and Cakmak, Maya and Micelli, Vincenzo",
	journal = "Journal of Human-Robot Interaction",
	number = "1",
	pages = "112--132",
	title = "{Towards seamless human-robot handovers}",
	volume = "2",
	year = "2013"
}


@inproceedings{alami2014,
  title={On human-aware task and motion planning abilities for a teammate robot},
  author={Alami, Rachid and Gharbi, Mamoun and Vadant, Benjamin and Lallement, Rapha{\"e}l and Suarez, Adolfo},
  booktitle={Human-Robot Collaboration for Industrial Manufacturing Workshop, RSS 2014}
}

@inproceedings{gharbi2015,
  title={Combining symbolic and geometric planning to synthesize human-aware plans: toward more efficient combined search.},
  author={Gharbi, Mamoun and Lallement, Raphael and Alami, Rachid},
  booktitle={Intelligent Robots and Systems (IROS), 2015 IEEE/RSJ International Conference on},
  pages={6360--6365},
  year={2015},
  organization={IEEE}
}

@inproceedings{liu2013s,
	author = "Liu, Phoebe and Glas, Dylan F and Kanda, Takayuki and Ishiguro, Hiroshi and Hagita, Norihiro",
	booktitle = "{Proceedings of the 8th ACM/IEEE international conference on Human-robot interaction}",
	organization = "IEEE Press",
	pages = "267--274",
	title = "{It's not polite to point: generating socially-appropriate deictic behaviors towards people}",
	year = "2013"
}


@inproceedings{echeverria11,
  title={Modular open robots simulation engine: MORSE},
  author={Echeverria, Gilberto and Lassabe, Nicolas and Degroote, Arnaud and Lemaignan, S{\'e}verin},
  booktitle={ICRA},
  year={2011},
}


@inproceedings{Holzapfel2004,
 author = {Holzapfel, Hartwig and Nickel, Kai and Stiefelhagen, Rainer},
 title = {Implementation and Evaluation of a Constraint-based Multimodal Fusion System for Speech and 3D Pointing Gestures},
 booktitle = {ICMI},
 year = {2004}
} 




@inproceedings{simpar_2014,
  author    = {Grégoire Milliez and
               Emmanuel Ferreira and
               Michelangelo Fiore and
               Rachid Alami and
               Fabrice Lef{\`e}vre},
  title     = {Simulating Human Robot Interaction for Dialogue Learning},
  booktitle = {SIMPAR},
  year      = {2014},
  pages     = {62--73}
}




@inproceedings{Ferreira2015,
title={Users' Belief Awareness in Reinforcement Learning-based Situated Human-Robot Dialogue Management},
author={Ferreira, Emmanuel and Milliez, Gr{\'e}goire and Lefevre, Fabrice and Alami, Rachid},
booktitle={IWSDS},
year={2015}
}




















@INPROCEEDINGS{Lallee2013b,
author={Lallee, S. and Hamann, K. and Steinwender, J. and Warneken, F. and Martienz, U. and Barron-Gonzales, H. and Pattacini, U. and Gori, I. and Petit, M. and Metta, G. and Verschure, P. and Ford Dominey, P.},
booktitle={Intelligent Robots and Systems (IROS), 2013 IEEE/RSJ International Conference on},
title={Cooperative human robot interaction systems: IV. Communication of shared plans with humans using gaze and speech},
year={2013},
month={Nov},
pages={129-136},
keywords={cognitive systems;gesture recognition;human-robot interaction;humanoid robots;speech processing;artificial agents;cognitive errors;cognitive system;cooperative human robot interaction systems;human social life;human-centered approach;human-like control;naïve humans;shared plan communication;social actions;spoken language;task-oriented gaze;task-oriented gestures;turn taking;Collision avoidance;Joints;Pragmatics;Psychology;Robot kinematics;Speech;HRI;cognitive architecture;cooperation;gaze;joint plan;shared intention;spoken language},
doi={10.1109/IROS.2013.6696343},
ISSN={2153-0858},}

@INPROCEEDINGS{Lallee2013,
author={Lallee, S. and others},
booktitle={Intelligent Robots and Systems (IROS), 2013 IEEE/RSJ International Conference on},
title={Cooperative human robot interaction systems: IV. Communication of shared plans with humans using gaze and speech},
year={2013},
pages={129-136},
keywords={cognitive systems;gesture recognition;human-robot interaction;humanoid robots;speech processing;artificial agents;cognitive errors;cognitive system;cooperative human robot interaction systems;human social life;human-centered approach;human-like control;naïve humans;shared plan communication;social actions;spoken language;task-oriented gaze;task-oriented gestures;turn taking;Collision avoidance;Joints;Pragmatics;Psychology;Robot kinematics;Speech;HRI;cognitive architecture;cooperation;gaze;joint plan;shared intention;spoken language},busilo
doi={10.1109/IROS.2013.6696343},
ISSN={2153-0858},}

@ARTICLE{Petit2012b,
author={Petit, M. and Lallee, S. and Boucher, J.-D. and Pointeau, G. and Cheminade, P. and Ognibene, D. and Chinellato, E. and Pattacini, U. and Gori, I. and Martinez-Hernandez, U. and Barron-Gonzalez, H. and Inderbitzin, M. and Luvizotto, A. and Vouloutsi, V. and Demiris, Y. and Metta, G. and Dominey, P.F.},
journal={Autonomous Mental Development, IEEE Transactions on},
title={The Coordinating Role of Language in Real-Time Multimodal Learning of Cooperative Tasks},
year={2013},
month={March},
volume={5},
number={1},
pages={3-17},
keywords={cognitive systems;human-robot interaction;humanoid robots;natural languages;Nao humanoid robot learning;agent cooperation;cognitive system;cooperative plan development;coordinating role;human cognition;human cooperation;human infant;iCub humanoid;kinesthetic demonstration;language development;lower-level sensorimotor capability;nontrivial cooperative task;real-time learning capability;real-time multimodal learning;shared plan negotiation;spoken language;visual observation;Context;Education;Humans;Real time systems;Robot kinematics;Robot sensing systems;Cooperation;humanoid robot;shared plans;situated and social learning;spoken language interaction},
doi={10.1109/TAMD.2012.2209880},
ISSN={1943-0604},}

@ARTICLE{Petit2012,
author={Petit, M. and others},
journal={Autonomous Mental Development, IEEE Transactions on},
title={The Coordinating Role of Language in Real-Time Multimodal Learning of Cooperative Tasks},
year={2013},
month={March},
volume={5},
number={1},
pages={3-17},
keywords={cognitive systems;human-robot interaction;humanoid robots;natural languages;Nao humanoid robot learning;agent cooperation;cognitive system;cooperative plan development;coordinating role;human cognition;human cooperation;human infant;iCub humanoid;kinesthetic demonstration;language development;lower-level sensorimotor capability;nontrivial cooperative task;real-time learning capability;real-time multimodal learning;shared plan negotiation;spoken language;visual observation;Context;Education;Humans;Real time systems;Robot kinematics;Robot sensing systems;Cooperation;humanoid robot;shared plans;situated and social learning;spoken language interaction},
doi={10.1109/TAMD.2012.2209880},
ISSN={1943-0604},}

@inproceedings{Lomas2012,
 author = {Lomas, M. and others},
 title = {Explaining Robot Actions},
 booktitle = {Proceedings of the Seventh Annual ACM/IEEE International Conference on Human-Robot Interaction},
 series = {HRI '12},
 year = {2012},
 isbn = {978-1-4503-1063-5},
 location = {Boston},
 numpages = {2},
 keywords = {explanations, human-robot partnering, natural communications, robotic actions, trust},
} 

@article{tomasello2005,
author = {Tomasello,M. and Carpenter,M. and Call,J. and Behne,T. and Moll,H.},
title = {Understanding and sharing intentions: The origins of cultural cognition},
journal = {Behavioral and Brain Sciences},
volume = {28},
issue = {05},
month = {10},
year = {2005},
issn = {1469-1825},
pages = {675--691},
numpages = {17},
doi = {10.1017/S0140525X05000129},
URL = {http://journals.cambridge.org/article\_S0140525X05000129},
}

@article{tomasello2009,
author = {M. Tomasello},
title = {Why We Cooperate, Michael Tomasello. MIT Press, 2009. xviii + 206 pages.},
journal = {Economics and Philosophy},
volume = {27},
issue = {02},
month = {7},
year = {2011},
issn = {1474-0028},
pages = {183--190},
numpages = {8},
doi = {10.1017/S0266267111000071},
}

@article{Butterfill2011,
	pages = {137--146},
	abstract = {Editorial: Joint Action: What Is Shared? Content Type Journal Article Pages 137-146 DOI 10.1007/s13164-011-0062-3 Authors Stephen A. Butterfill, Department of Philosophy, University of Warwick, Coventry, UK Natalie Sebanz, Centre for Cognition, Donders Institute for Brain, Cognition, \& Behaviour, Radboud University, Nijmegen, The Netherlands Journal Review of Philosophy and Psychology Online ISSN 1878-5166 Print ISSN 1878-5158 Journal Volume Volume 2 Journal Issue Volume 2, Number 2},
	number = {2},
	volume = {2},
	year = {2011},
	publisher = {Springer},
	author = {Butterfill, S. A. and Sebanz, N.},
	journal = {Review of Philosophy and Psychology},
	title = {Editorial: Joint Action: What Is Shared?}
}

@article{guitton2012,
  title={Belief Management for HRI Planning},
  author={Guitton, J. and Warnier, M. and Alami, R.},
  journal={BNC@ ECAI 2012},
  pages={27},
  year={2012}
}

@MISC{Brenner2008,
    author = {Michael Brenner and Ivana Kruijff-korbayová},
    title = {A Continual Multiagent Planning Approach to Situated Dialogue},
    year = {2008}
}
@ARTICLE{Warneken2006,
    author = {F. Warneken and F. Chen and M. Tomasello},
    title = {Cooperative activities in young children and chimpanzees},
    journal = {Child Development},
    year = {2006},
    pages = {640--663}
}

@article {Warneken2007,
author = {Warneken, F. and Tomasello, M.},
title = {Helping and Cooperation at 14 Months of Age},
journal = {Infancy},
volume = {11},
number = {3},
publisher = {Blackwell Publishing Ltd},
issn = {1532-7078},
url = {http://dx.doi.org/10.1111/j.1532-7078.2007.tb00227.x},
doi = {10.1111/j.1532-7078.2007.tb00227.x},
pages = {271--294},
year = {2007},
}

@article{rickel1999animated,
  title={Animated agents for procedural training in virtual reality: Perception, cognition, and motor control},
  author={Rickel, Jeff and Johnson, W Lewis},
  journal={Applied artificial intelligence},
  volume={13},
  number={4-5},
  pages={343--382},
  year={1999},
  publisher={Taylor \& Francis}
}

@article{brusilovskiy1994construction,
  title={The construction and application of student models in intelligent tutoring systems},
  author={Brusilovskiy, PL},
  journal={Journal of computer and systems sciences international},
  volume={32},
  number={1},
  pages={70--89},
  year={1994},
  publisher={New York: Scripta Technica, 1995-}
}

@incollection{brusilovskiy2005,
year={2005},
isbn={978-3-540-27885-6},
booktitle={User Modeling 2005},
volume={3538},
series={Lecture Notes in Computer Science},
doi={10.1007/11527886_50},
title={User Modeling in a Distributed E-Learning Architecture},
url={http://dx.doi.org/10.1007/11527886_50},
publisher={Springer Berlin Heidelberg},
author={Brusilovsky, P. and Sosnovsky, S. and Shcherbinina, O.},
pages={387-391},
language={English}
}

@article{miller1956magical,
  title={The magical number seven, plus or minus two: some limits on our capacity for processing information.},
  author={Miller, George A},
  journal={Psychological review},
  volume={63},
  number={2},
  pages={81},
  year={1956},
  publisher={American Psychological Association}
}


@inproceedings{Sorce2015,
  author = {Sorce, M. and others},
  title={Proof of Concept for a User-Centered System for Sharing
Cooperative Plan Knowledge Over Extended Periods and Crew 
Changes in Space-Flight Operations},
  booktitle={IEEE RO-MAN},
  year = {2015}
}


@article{carpenter2005,
  title={Role reversal imitation and language in typically developing infants and children with autism},
  author={Carpenter, Malinda and Tomasello, Michael and Striano, Tricia},
  journal={Infancy},
  volume={8},
  number={3},
  pages={253--278},
  year={2005},
  publisher={Wiley Online Library}
}

@inproceedings{Mohseni2015,
 author = {Mohseni-Kabir, A. and Rich, C. and Chernova, S. and Sidner, C. L. and Miller, D.},
 title = {Interactive Hierarchical Task Learning from a Single Demonstration},
 booktitle = {Tenth Annual ACM/IEEE International Conference on Human-Robot Interaction},
 series = {HRI '15},
 year = {2015},
 isbn = {978-1-4503-2883-8},
 location = {Portland},
 doi = {10.1145/2696454.2696474},
 acmid = {2696474},
 publisher = {ACM},
 keywords = {hierarchical task networks, learning from demonstration},
} 

@article{chu2000conflict,
  title={Conflict resolution in collaborative planning dialogs},
  author={Chu-Carroll, J. and Carberry, S.},
  journal={International Journal of Human-Computer Studies},
  volume={53},
  number={6},
  pages={969--1015},
  year={2000},
  publisher={Elsevier}
}

@inproceedings{tang2012,
  title={A textured object recognition pipeline for color and depth image data},
  author={Tang, Jie and Miller, Stephen and Singh, Arjun and Abbeel, Pieter},
  booktitle={Robotics and Automation (ICRA), 2012 IEEE International Conference on},
  pages={3467--3474},
  year={2012},
  organization={IEEE}
}

@inproceedings{murphy2005,
  title={Shared features for scalable appearance-based object recognition},
  author={Murphy-Chutorian, Erik and Triesch, Jochen},
  booktitle={Application of Computer Vision, 2005. WACV/MOTIONS'05 Volume 1. Seventh IEEE Workshops on},
  volume={1},
  pages={16--21},
  year={2005},
  organization={IEEE}
}

@inproceedings{Sundar2016,
 author = {Sundar, S. Shyam and Waddell, T. Franklin and Jung, Eun Hwa},
 title = {The Hollywood Robot Syndrome: Media Effects on Older Adults' Attitudes Toward Robots and Adoption Intentions},
 booktitle = {The Eleventh ACM/IEEE International Conference on Human Robot Interaction},
 series = {HRI '16},
 year = {2016},
 isbn = {978-1-4673-8370-7},
 location = {Christchurch, New Zealand},
 pages = {343--350},
 numpages = {8},
 url = {http://dl.acm.org/citation.cfm?id=2906831.2906890},
 acmid = {2906890},
 publisher = {IEEE Press},
 address = {Piscataway, NJ, USA},
 keywords = {cultivation theory, frankenstein syndrome, human-robot interaction, media effects, negative attitudes towards robots, technology acceptance model},
} 

@article{gilson98,
 ISSN = {0024094X, 15309282},
 URL = {http://www.jstor.org/stable/1576597},
 abstract = {The author discusses the particular penchant towards robots exhibited by the Japanese and attempts to explain the origins of this phenomenon through an analysis of Japanese pop culture characters.},
 author = {Mark Gilson},
 journal = {Leonardo},
 number = {5},
 pages = {367-369},
 publisher = {The MIT Press},
 title = {A Brief History of Japanese Robophilia},
 volume = {31},
 year = {1998}
}


@inproceedings{lallement14,
 author = {R. Lallement and L. de Silva and R. Alami},
 title = {HATP: An HTN Planner for Robotics},
 booktitle = {2nd ICAPS Workshop on Planning and Robotics},
 year = {2014}
}

@article{strips71,
 author = {Fikes, R. and Nilsson, N.},
 title = {STRIPS: A New Approach to the Application of Theorem Proving to Problem Solving},
 journal = {Artificial Intelligence},
 volume = {2(3/4)},
 pages = {189--208},
 year = {1971}
}

@inproceedings{astrinaki2012,
  title={Reactive and continuous control of HMM-based speech synthesis},
  author={Astrinaki, Maria and d'Alessandro, Nicolas and Picart, Benjamin and Drugman, Thomas and Dutoit, Thierry},
  booktitle={Spoken Language Technology Workshop (SLT), 2012 IEEE},
  pages={252--257},
  year={2012},
  organization={IEEE}
}

@inproceedings{Nau99,
 author = {D. Nau and Y. Cao and A. Lotem and H. Muñoz-Avila},
 title = {SHOP: Simple Hierarchical Ordered Planner},
 booktitle = {IJCAI},
 year = {1999},
 pages = {968--973}
}

@inproceedings{clair2015robot,
  title={How Robot Verbal Feedback Can Improve Team Performance in Human-Robot Task Collaborations.},
  author={St. Clair, Aaron and Mataric, Maja J},
  booktitle={HRI},
  pages={213--220},
  year={2015}
}

@inproceedings{ferreira2015phd,
  title={Apprentissage automatique en ligne pour un dialogue homme-machine situ{\'e}},
  author={Ferreira, Emmanuel},
  year={2015},
  organization={Avignon}
}

@ARTICLE{Daubigney12,
author={L. Daubigney and M. Geist and S. Chandramohan and O. Pietquin},
journal={Journal on Selected Topics in Signal Processing}, 
title={A Comprehensive Reinforcement Learning Framework for Dialogue Management Optimization},
year={2012},
volume={6},
number={8},
pages={891-902}
}

@phdthesis{diankov_thesis,
 author = "Rosen Diankov",
 title = "Automated Construction of Robotic Manipulation Programs",
 school = "Carnegie Mellon University, Robotics Institute",
 month = "August",
 year = "2010",
 number= "CMU-RI-TR-10-29",
 url={http://www.programmingvision.com/rosen_diankov_thesis.pdf},
}


@inproceedings{simparmorse2014,
  author = {S. Lemaignan and M. Hanheide and 
  M. Karg and H. Khambhaita and L. Kunze and
  F. Lier and I. Lütkebohle and G. Milliez},
  title = {Simulation and HRI: Recent Perspectives},
  booktitle = {IEEE/RSJ International Conference on Intelligent Robots and Systems, (SIMPAR2014)},
  optpages = {},
  year = {2014}}
