@INPROCEEDINGS{fioreiser2014,
 author = {Michelangelo Fiore and Aur{\'e}lie Clodic and Rachid Alami}, 
 title = {On Planning and Task achievement Modalities
for Human-Robot Collaboration.},
 booktitle = {The 2014 International Symposium on Experimental Robotics}, 
 year = {2014}, }


@article{premack1978does,
  title={Does the chimpanzee have a theory of mind?},
  author={Premack, David and Woodruff, Guy},
  journal={Behavioral and brain sciences},
  volume={1},
  number={04},
  pages={515--526},
  year={1978},
  publisher={Cambridge Univ Press}
}


@article{byom2013theory,
  title={Theory of mind: mechanisms, methods, and new directions},
  author={Byom, Lindsey J and Mutlu, Bilge},
  journal={Frontiers in human neuroscience},
  volume={7},
  year={2013},
  publisher={Frontiers Media SA}
}


@inproceedings{abowd1999towards,
  title={Towards a better understanding of context and context-awareness},
  author={Abowd, Gregory D and Dey, Anind K and Brown, Peter J and Davies, Nigel and Smith, Mark and Steggles, Pete},
  booktitle={Handheld and ubiquitous computing},
  pages={304--307},
  year={1999},
  organization={Springer}
}


@article{stuss2001frontal,
  title={The frontal lobes are necessary for theory of mind'},
  author={Stuss, Donald T and Gallup, Gordon G and Alexander, Michael P},
  journal={Brain},
  volume={124},
  number={2},
  pages={279--286},
  year={2001},
  publisher={Oxford Univ Press}
}

@article{frick2014picturing,
  title={Picturing perspectives: development of perspective-taking abilities in 4-to 8-year-olds},
  author={Frick, Andrea and M{\"o}hring, Wenke and Newcombe, Nora S},
  journal={Frontiers in psychology},
  volume={5},
  year={2014},
  publisher={Frontiers Media SA}
}

@INPROCEEDINGS{Milliez2014,
author={Milliez, G. and Warnier, M. and Clodic, A. and Alami, R.},
booktitle={Robot and Human Interactive Communication, 2014 RO-MAN: The 23rd IEEE International Symposium on},
title={A framework for endowing an interactive robot with reasoning capabilities about perspective-taking and belief management},
year={2014},
month={Aug},
pages={1103-1109},
doi={10.1109/ROMAN.2014.6926399},
}


@book{2012Mausam,
  added-at = {2012-11-02T00:00:00.000+0100},
  author = {Mausam and Kolobov, Andrey},
  biburl = {http://www.bibsonomy.org/bibtex/2016aea82554329b9158a997e43ff7b95/dblp},
  booktitle = {Planning with Markov Decision Processes: An AI Perspective},
  ee = {http://dx.doi.org/10.2200/S00426ED1V01Y201206AIM017},
  interhash = {c59b24bf5809d97caa7f214cf575f73a},
  intrahash = {016aea82554329b9158a997e43ff7b95},
  keywords = {dblp},
  publisher = {Morgan and Claypool Publishers},
  series = {Synthesis Lectures on Artificial Intelligence and Machine Learning},
  timestamp = {2012-11-02T00:00:00.000+0100},
  title = {Planning with Markov Decision Processes: An AI Perspective},
  url = {http://dx.doi.org/10.2200/S00426ED1V01Y201206AIM017},
  year = 2012
}

@INPROCEEDINGS{Koppula2013,
    author = {Koppula, H.S. and Saxena, A.},
    title = {Anticipating human activities using object affordances for reactive robotic response},
    booktitle = {In RSS},
    year = {2013}
}

@INPROCEEDINGS{Magnanimo2014,
author={Magnanimo, V. and Saveriano, M. and Rossi, S. and Dongheui Lee},
booktitle={Robot and Human Interactive Communication, 2014 RO-MAN: The 23rd IEEE International Symposium on},
title={A Bayesian approach for task recognition and future human activity prediction},
year={2014},
month={Aug},
pages={726-731},
doi={10.1109/ROMAN.2014.6926339},}

@INPROCEEDINGS{Liu2014,
author={Rui Liu and Xiaoli Zhang and Songpo Li},
booktitle={Mechatronics and Automation (ICMA), 2014 IEEE International Conference on},
title={Use context to understand user's implicit intentions in Activities of Daily Living},
year={2014},
month={Aug},
pages={1214-1219},
doi={10.1109/ICMA.2014.6885872},}

@inproceedings{Abowd1999,
 author = {Abowd, Gregory D. and Dey, Anind K. and Brown, Peter J. and Davies, Nigel and Smith, Mark and Steggles, Pete},
 title = {Towards a Better Understanding of Context and Context-Awareness},
 booktitle = {Proceedings of the 1st International Symposium on Handheld and Ubiquitous Computing},
 series = {HUC '99},
 year = {1999},
 isbn = {3-540-66550-1},
 location = {Karlsruhe, Germany},
 pages = {304--307},
 numpages = {4},
 url = {http://dl.acm.org/citation.cfm?id=647985.743843},
 acmid = {743843},
 publisher = {Springer-Verlag},
 address = {London, UK, UK},
}

@incollection{Krauthausen2010,
year={2010},
isbn={978-3-642-16110-0},
booktitle={KI 2010: Advances in Artificial Intelligence},
volume={6359},
series={Lecture Notes in Computer Science},
editor={Dillmann, Rüdiger and Beyerer, Jürgen and Hanebeck, UweD. and Schultz, Tanja},
doi={10.1007/978-3-642-16111-7_48},
title={Situation-Specific Intention Recognition for Human-Robot Cooperation},
url={http://dx.doi.org/10.1007/978-3-642-16111-7_48},
publisher={Springer Berlin Heidelberg},
author={Krauthausen, Peter and Hanebeck, UweD.},
pages={418-425},
language={English}
}

@article{Favela2007,
year={2007},
issn={1383-469X},
journal={Mobile Networks and Applications},
volume={12},
number={2-3},
doi={10.1007/s11036-007-0013-5},
title={Activity Recognition for Context-aware Hospital Applications: Issues and Opportunities for the Deployment of Pervasive Networks},
url={http://dx.doi.org/10.1007/s11036-007-0013-5},
publisher={Springer US},
keywords={activity estimation; context-aware computing; hospital activities; neural networks},
author={Favela, Jesus and Tentori, Monica and Castro, LuisA. and Gonzalez, VictorM. and Moran, ElisaB. and Martínez-García, AnaI.},
pages={155-171},
language={English}
}

@inproceedings{Clair2010,
	author = "Aaron B. St. Clair, Ross Mead and Maja J. Matari{\'c}",
	title = "Monitoring and Guiding User Attention and Intention in Human-Robot Interaction",
	booktitle = "2010 IEEE International Conference on Robotics and Automation Workshop on Interactive Communication for Autonomous Intelligent Robots",
	address = "Anchorage, Alaska",
	month = "May",
	year = "2010",
	url = "http://robotics.usc.edu/publications/668/"
}


@article{Baron1985,
title = "Does the autistic child have a 'theory of mind'?",
journal = "Cognition",
volume = "21",
number = "1",
pages = "37 - 46",
year = "1985",
author = "Baron-Cohen S, Leslie AM, Frith U"
}

@article{Call1998,
author = "Call J, Tomasello M",
title = "Distinguishing intentional from accidental actions in orangutans (Pongo pygmaeus), chimpanzees (Pan troglodytes) and human children (Homo sapiens).",
journal = "Journal of Comparative Psychology",
volume = "112",
number = "2",
pages = "192 - 206",
year = "1998",
}


@article{Bruner1981,
title = "Intention in the structure of action and interaction.",
journal = "Advances in Infancy Research",
volume = "1",
pages = "41 - 56",
year = "1981",
author = " Jerome S. Bruner"
}

@article{Brunet2000,
title = "A \{PET\} Investigation of the Attribution of Intentions with a Nonverbal Task ",
journal = "NeuroImage ",
volume = "11",
number = "2",
pages = "157 - 166",
year = "2000",
note = "",
issn = "1053-8119",
doi = "http://dx.doi.org/10.1006/nimg.1999.0525",
url = "http://www.sciencedirect.com/science/article/pii/S1053811999905256",
author = "Eric Brunet and Yves Sarfati and Marie-Christine Hardy-Baylé and Jean Decety",
}

@article{Blakemore2001,
title = "From the perception of action to the understanding of intention",
journal = "Nature Reviews Neuroscience 2, 561-567 (August 2001",
volume = "2",
pages = "561 - 567",
year = "2001",
note = "",
issn = "1471-003X",
doi = "http://dx.doi.org/10.1038/35086023",
url = "http://www.nature.com/nrn/journal/v2/n8/suppinfo/nrn0801_561a_S1.html",
author = "Sarah-Jayne Blakemore and Jean Decety",
}

@article{Happé1993,
title = "Communicative competence and theory of mind in autism: A test of relevance theory ",
journal = "Cognition ",
volume = "48",
number = "2",
pages = "101 - 119",
year = "1993",
note = "",
issn = "0010-0277",
doi = "http://dx.doi.org/10.1016/0010-0277(93)90026-R",
url = "http://www.sciencedirect.com/science/article/pii/001002779390026R",
author = "Francesca G.E. Happé"
}

@article{Bratman1984,
title = "Two Faces of Intention",
journal = "Philosophical Review",
volume = "93",
pages = "375 - 405",
year = "1984",
author = " Michael Bratman"
}


















@comment{x-kbibtex-personnameformatting=<%l><, %f>}

@article{Alami1998,
	author = "Alami, R. and Chatila, R. and Fleury, S. and Ghallab, M. and Ingrand, F.",
	journal = "International Journal of robotics Research, Special Issue on Integrated Architectures for Robot Control and Programming",
	number = "4",
	title = "{An Architecture for Autonomy}",
	volume = "17",
	year = "1998"
}

@inproceedings{Alili2008,
	author = "Alili, S. and Montreuil, V. and Alami, R.",
	booktitle = "{The 9th International Symposium on Distributed Autonomous Robotic Systems}",
	title = "{{HATP} Task Planner for social behavior control in Autonomous Robotic Systems for HRI}",
	year = "2008"
}

@article{alili2009planning,
	author = "Alili, Samir and Warnier, Matthieu and Ali, Muhammad and Alami, Rachid",
	journal = "Proc. of the 19th ICAPS",
	title = "{Planning and plan-execution for human-robot cooperative task achievement}",
	year = "2009"
}

@article{Althaus2004,
	author = "Althaus, P. and Ishiguro, H. and Kanda, T. and Miyashita, T. and Christensen, H.I.",
	journal = "IEEE Int. Conf. on Robotics \& Automation, New Orleans, USA",
	title = "{Navigation for Human-Robot Interaction Tasks}",
	year = "2004"
}

@article{ARToolkit,
	author = "ARToolkit",
	journal = "http://www.hitl.washington.edu/artoolkit/",
	title = "{Documentation and Download site}"
}

@techreport{Berg2004,
	author = "Berg, J. van den and Overmars, M.",
	institution = "Utrecht University, NL",
	title = "{Roadmap-based Motion Planning in Dynamic Environments}",
	year = "2004"
}

@article{Breazeal2003,
	author = "Breazeal, C.",
	journal = "Robotics and Autonomous Syst.",
	pages = "167--175",
	title = "{Towards Sociable Robots}",
	year = "2003"
}

@article{Breazeal2001,
	author = "Breazeal, C. and Edsinger, A. and Fitzpatrick, P. and Scassellati, B.",
	journal = "IEEE Transactions on Systems, Man and Cybernetics, Part A",
	number = "5",
	pages = "443--453",
	title = "{Active vision for sociable robots}",
	volume = "31",
	year = "2001"
}

@article{breazeal2006,
	author = "Breazeal, C. and Berlin, M. and Brooks, A. and Gray, J. and Thomaz, A.",
	journal = "Robotics and Autonomous Systems",
	pages = "385--393",
	title = "{Using Perspective Taking to Learn from Ambiguous Demonstrations}",
	year = "2006"
}

@inproceedings{Burger2008,
	author = "Burger, B. and Ferrane, I. and Lerasle, F.",
	booktitle = "{ICVS}",
	pages = "549--558",
	title = "{Multimodal Interaction Abilities for a Robot Companion}",
	year = "2008"
}

@book{Clark1996,
	author = "Clark, H. H.",
	publisher = "Cambridge University Press",
	title = "{Using Language}",
	year = "1996"
}

@article{Cohen1991,
	author = "Cohen, P. R. and Levesque, H. J.",
	journal = "Nous",
	pages = "487--512",
	title = "{Teamwork}",
	volume = "25(4)",
	year = "1991"
}

@inbook{Flavell1992,
	author = "Flavell, J.",
	pages = "107--139",
	publisher = "L. Erlbaum Associates",
	title = "{Perspectives on Perspective Taking}",
	year = "1992"
}

@inproceedings{Fong_2006,
	author = "Fong, T. W. and Kunz, C. and Hiatt, L. and Bugajska, M.",
	booktitle = "{2006 Human-Robot Interaction Conference}",
	month = "March",
	publisher = "ACM",
	title = "{The Human-Robot Interaction Operating System}",
	year = "2006"
}

@article{Grosz1996,
	author = "Grosz, B. J. and Kraus, S.",
	journal = "Artificial Intelligence",
	pages = "269--358",
	title = "{Collaborative Plans for Complex Group Action}",
	volume = "86",
	year = "1996"
}

@article{Johnson2005,
	author = "Johnson, M. and Demiris, Y.",
	journal = "Advanced Robotic Systems",
	number = "4",
	pages = "301--308",
	title = "{Perceptual Perspective Taking and Action Recognition}",
	volume = "2",
	year = "2005"
}

@article{Kemp2007,
	author = "Kemp, C.C. and Edsinger, A. Torres-Jara E.",
	journal = "Robotics \& Automation Magazine, IEEE",
	title = "{Challenges for robot manipulation in human environments}",
	year = "2007"
}

@article{Klein2004,
	author = "Klein, G. and Woods, D. D.and Bradshaw J. M. and Hoffman, R. R.and Feltovich P. J.",
	journal = "IEEE Intelligent Systems",
	number = "6",
	pages = "91--95",
	title = {{Ten Challenges for Making Automation a "Team Player" in Joint Human-Agent Activity}},
	volume = "19",
	year = "2004"
}

@inproceedings{Kollar10,
	author = "Kollar, T. and Tellex, S. and Roy, D. and Roy, N.",
	booktitle = "{HRI}",
	pages = "259--266",
	title = "{Toward understanding natural language directions}",
	year = "2010"
}

@article{Kulic2007,
	author = "Kulic, D. and Croft, E.",
	journal = "Autonomous Robots",
	number = "2",
	pages = "149--164",
	title = "{Pre-collision safety strategies for human-robot interaction}",
	volume = "22",
	year = "2007"
}

@inproceedings{Lemaignan2011,
	author = "Lemaignan, S. and Sisbot, A. and Alami, R.",
	booktitle = "{Proceedings of the 2011 Human-Robot Interaction Pioneers workshop}",
	title = "{Anchoring interaction through symbolic knowledge}",
	year = "2011"
}

@inproceedings{Lemaignan2010,
	author = "Lemaignan, S. and Ros, R. and Mosenlechner, L. and Alami, R. and Beetz, M.",
	booktitle = "{Proceedings of the 2010 IEEE/RSJ International Conference on Intelligent Robots and Systems}",
	title = "{ORO, a knowledge management module for cognitive architectures in robotics}",
	year = "2010"
}

@article{Madhav2006,
	author = "Madhava, K. and Alami, R. and Simeon, T.",
	journal = "Robotics and Autonomous Systems",
	number = "3",
	pages = "244--255",
	title = "{Safe proactive plans and their execution}",
	volume = "54",
	year = "2006"
}

@inproceedings{Mainprice2011,
	author = "Mainprice, J. and Sisbot, E.A. and Jaillet, L. and Cortes, J. and Alami, R. and Simeon, T.",
	booktitle = "{IEEE International Conference on Robotics and Automation}",
	title = "{Planning human-aware motions using a sampling-based costmap planner}",
	year = "2011"
}

@inproceedings{Matuszek10,
	author = "Matuszek, C. and Fox, D. and Koscher, K.",
	booktitle = "{Int. Conf. on Human-Robot Interaction}",
	publisher = "ACM Press",
	title = "{Following Directions Using Statistical Machine Translation}",
	year = "2010"
}

@article{Nau2003,
	author = "Nau, D. and Au, T. C. and Ilghami, O. and Kuter, U. and Murdock, J. W. and Wu, D. and Yaman, F.",
	journal = "Journal of Artificial Intelligence Research",
	pages = "379--404",
	title = "{SHOP2: An HTN Planning System}",
	year = "2003"
}

@book{OKeefe1999,
	author = "O'Keefe, J.",
	publisher = "MIT Press",
	title = "{The Spatial Prepositions}",
	year = "1999"
}

@inproceedings{Pandey2010,
	author = "Pandey, A.K. and Alami, R.",
	booktitle = "{IEEE/RSJ International Conference on Intelligent Robots and Systems}",
	title = "{Mightability maps: A perceptual level decisional framework for co-operative and competitive human-robot interaction}",
	year = "2010"
}

@article{Rich1997,
	author = "Rich, C. and Sidner, C. L.",
	journal = "Proceedings of the first international conference on Autonomous Agents",
	title = "{COLLAGEN: When Agents Collaborate with People}",
	year = "1997"
}

@inproceedings{Ros2010b,
	author = "Ros, R. and Lemaignan, S. and Sisbot, E.A. and Alami, R. and Steinwender, J. and Hamann, K. and Warneken, F.",
	booktitle = "{19th IEEE International Symposium in Robot and Human Interactive Communication}",
	title = "{Which One? Grounding the Referent Based on Efficient Human-Robot Interaction}",
	year = "2010"
}

@article{Scassellati2002,
	author = "Scassellati, B.",
	journal = "Autonomous Robots",
	number = "1",
	pages = "13--24",
	publisher = "Springer",
	title = "{Theory of mind for a humanoid robot}",
	volume = "12",
	year = "2002"
}

@article{Sidner2005,
	author = "Sidner, C. L. and Lee, C. and Kidd, C. and Lesh, N. and Rich, C.",
	journal = "Artificial Intelligence",
	number = "1-2",
	pages = "140--164",
	title = "{Explorations in Engagement for Humans and Robots}",
	volume = "166",
	year = "2005"
}

@inproceedings{Sisbot2008,
	author = "Sisbot, E. A. and Clodic, A. and Alami, R. and Ransan, M.",
	journal = "ACM/IEEE International Conference on Human-Robot Interaction (HRI 2008)",
	title = "{Supervision and Motion Planning for a Mobile Manipulator Interacting with Humans}",
	year = "2008"
}

@article{Sisbot2007,
	author = "Sisbot, E.A. and Marin-Urias, L.F. and Alami, R. and Simeon, T.",
	journal = "IEEE Transactions on Robotics",
	number = "5",
	pages = "874--883",
	title = "{A Human Aware Mobile Robot Motion Planner}",
	volume = "23",
	year = "2007"
}

@inproceedings{Sisbot2011,
	author = "Sisbot, E.A. and Ros, R. and Alami, R.",
	booktitle = "{20th IEEE International Symposium in Robot and Human Interactive Communication}",
	title = "{Situation Assessment for Human-Robot Interaction}",
	year = "2011"
}

@article{Skubic2004,
	author = "Skubic, M. and Perzanowski, D. and Blisard, S. and Schultz, A. and Adams, W. and Bugajska, M. and Brock, D.",
	journal = "IEEE Transactions on Systems, Man, and Cybernetics, Part C: Applications and Reviews",
	number = "2",
	pages = "154--167",
	title = "{Spatial language for human-robot dialogs}",
	volume = "34",
	year = "2004"
}

@article{Tambe2005a,
	author = "Tambe, M.",
	journal = "JAIR",
	pages = "83--124",
	title = "{Towards Flexible Teamwork}",
	volume = "7",
	year = "1997"
}

@phdthesis{Tellex10,
	author = "Tellex, S.",
	school = "MIT",
	title = "{Natural Language and Spatial Reasoning}",
	year = "2010"
}

@article{Trafton2005,
	author = "Trafton, J. and Cassimatis, N. and Bugajska, M. and Brock, D. and Mintz, F. and Schultz, A.",
	journal = "IEEE Transactions on Systems, Man, and Cybernetics",
	pages = "460--470",
	title = "{Enabling Effective Human-robot Interaction Using Perspective-taking in Robots}",
	volume = "Part A",
	year = "2005"
}

@article{Tversky1999,
	author = "Tversky, B. and Lee, P. and Mainwaring, S.",
	journal = "Spatial Cognition and Computation",
	number = "4",
	pages = "399--412",
	publisher = "Kluwer Academic Publishers",
	title = "{Why do speakers mix perspectives?}",
	volume = "1",
	year = "1999"
}

@article{sebanz2006joint,
	author = "Sebanz, Natalie and Bekkering, Harold and Knoblich, G{\"u}nther",
	journal = "Trends in cognitive sciences",
	number = "2",
	pages = "70--76",
	publisher = "Elsevier",
	title = "{Joint action: bodies and minds moving together}",
	volume = "10",
	year = "2006"
}

@inproceedings{mutlu2013coordination,
	author = "Mutlu, Bilge and Terrell, Allison and Huang, Chien-Ming",
	booktitle = "{ACM/IEEE Intl. Conf. on Human-Robot Interaction (HRI)-Workshop on Collaborative Manipulation}",
	pages = "1--6",
	title = "{Coordination mechanisms in human-robot collaboration}",
	year = "2013"
}

@inproceedings{ros2010one,
	author = "Ros, Raquel and Lemaignan, S{\'e}verin and Sisbot, Emrah Akin and Alami, Rachid and Steinwender, Jasmin and Hamann, Katharina and Warneken, Felix",
	booktitle = "{RO-MAN, 2010 IEEE}",
	organization = "IEEE",
	pages = "570--575",
	title = "{Which one? grounding the referent based on efficient human-robot interaction}",
	year = "2010"
}

@article{trafton2005enabling,
	author = "Trafton, J Gregory and Cassimatis, Nicholas L and Bugajska, Magdalena D and Brock, Derek P and Mintz, Farilee E and Schultz, Alan C",
	journal = "Systems, Man and Cybernetics, Part A: Systems and Humans, IEEE Transactions on",
	number = "4",
	pages = "460--470",
	publisher = "IEEE",
	title = "{Enabling effective human-robot interaction using perspective-taking in robots}",
	volume = "35",
	year = "2005"
}

@inproceedings{gray2005action,
	author = "Gray, Jesse and Breazeal, Cynthia and Berlin, Matt and Brooks, Andrew and Lieberman, Jeff",
	booktitle = "{Robot and Human Interactive Communication, 2005. ROMAN 2005. IEEE International Workshop on}",
	organization = "IEEE",
	pages = "202--209",
	title = "{Action parsing and goal inference using self as simulator}",
	year = "2005"
}

@inproceedings{karami2010human,
	author = "Karami, A-B and Jeanpierre, Laurent and Mouaddib, A-I",
	booktitle = "{Human-Robot Interaction (HRI), 2010 5th ACM/IEEE International Conference on}",
	organization = "IEEE",
	pages = "155--156",
	title = "{Human-robot collaboration for a shared mission}",
	year = "2010"
}

@article{bicho2011neuro,
	author = "Bicho, Estela and Erlhagen, Wolfram and Louro, Luis and {Costa e Silva}, Eliana",
	journal = "Human movement science",
	number = "5",
	pages = "846--868",
	publisher = "Elsevier",
	title = "{Neuro-cognitive mechanisms of decision making in joint action: A human--robot interaction study}",
	volume = "30",
	year = "2011"
}

@inproceedings{breazeal2004teaching,
	author = "Breazeal, Cynthia and Hoffman, Guy and Lockerd, Andrea",
	booktitle = "{Proceedings of the Third International Joint Conference on Autonomous Agents and Multiagent Systems-Volume 3}",
	organization = "IEEE Computer Society",
	pages = "1030--1037",
	title = "{Teaching and working with robots as a collaboration}",
	year = "2004"
}

@article{bratman2009shared,
	author = "Bratman and Michael, E",
	journal = "Philosophy of the social sciences: philosophical theory and scientific practice",
	pages = "41--59",
	title = "{Shared agency}",
	year = "2009"
}

@book{forsyth2009group,
	author = "Forsyth, Donelson R",
	publisher = "CengageBrain. com",
	title = "{Group dynamics}",
	year = "2009"
}

@article{trafton2013act,
	author = "Trafton, Greg and Hiatt, Laura and Harrison, Anthony and Tamborello, Frank and Khemlani, Sangeet and Schultz, Alan",
	journal = "Journal of Human-Robot Interaction",
	number = "1",
	pages = "30--55",
	title = "{ACT-R/E: An Embodied Cognitive Architecture for Human-Robot Interaction}",
	volume = "2",
	year = "2013"
}

@inproceedings{clodic2009shary,
	author = "Clodic, Aur{\'e}lie and Cao, Hung and Alili, Samir and Montreuil, Vincent and Alami, Rachid and Chatila, Raja",
	booktitle = "{Experimental Robotics}",
	organization = "Springer",
	pages = "229--238",
	title = "{Shary: a supervision system adapted to human-robot interaction}",
	year = "2009"
}

@inproceedings{clodic2006rackham,
	author = "Clodic, Aur{\'e}lie and Fleury, Sara and Alami, Rachid and Chatila, Raja and Bailly, G{\'e}rard and Brethes, Ludovic and Cottret, Maxime and Danes, Patrick and Dollat, Xavier and Elise{\"\i}, Fr{\'e}d{\'e}ric and others",
	booktitle = "{Robot and Human Interactive Communication, 2006. ROMAN 2006. The 15th IEEE International Symposium on}",
	organization = "IEEE",
	pages = "502--509",
	title = "{Rackham: An interactive robot-guide}",
	year = "2006"
}

@inproceedings{clodic2007management,
	author = "Clodic, Aur{\'e}lie and Ransan, Maxime and Alami, Rachid and Montreuil, Vincent",
	booktitle = "{Systems, Man and Cybernetics, 2007. ISIC. IEEE International Conference on}",
	organization = "IEEE",
	pages = "1551--1556",
	title = "{A management of mutual belief for human-robot interaction}",
	year = "2007"
}

@article{demiris2007prediction,
	author = "Demiris, Yiannis",
	journal = "Cognitive processing",
	number = "3",
	pages = "151--158",
	publisher = "Springer",
	title = "{Prediction of intent in robotics and multi-agent systems}",
	volume = "8",
	year = "2007"
}

@article{demiris2003distributed,
	author = "Demiris*, Yiannis and Johnson†, Matthew",
	journal = "Connection Science",
	number = "4",
	pages = "231--243",
	publisher = "Taylor \& Francis",
	title = "{Distributed, predictive perception of actions: a biologically inspired robotics architecture for imitation and learning}",
	volume = "15",
	year = "2003"
}

@article{demiris2006hierarchical,
	author = "Demiris, Yiannis and Khadhouri, Bassam",
	journal = "Robotics and autonomous systems",
	number = "5",
	pages = "361--369",
	publisher = "Elsevier",
	title = "{Hierarchical attentive multiple models for execution and recognition of actions}",
	volume = "54",
	year = "2006"
}

@article{johnson2004abstraction,
	author = "Johnson, Matthew and Demiris, Yiannis",
	journal = "Proceedings of TAROS",
	pages = "63--70",
	title = "{Abstraction in recognition to solve the correspondence problem for robot imitation}",
	year = "2004"
}

@article{johnson2005perceptual,
	author = "Johnson, Matthew and Demiris, Yiannis",
	journal = "International Journal of Advanced Robotic Systems",
	number = "4",
	title = "{Perceptual Perspective Taking and Action Recognition.}",
	volume = "2",
	year = "2005"
}

@inproceedings{torrey2013robot,
	author = "Torrey, Cristen and Fussell, Susan R and Kiesler, Sara",
	booktitle = "{Human-Robot Interaction (HRI), 2013 8th ACM/IEEE International Conference on}",
	organization = "IEEE",
	pages = "275--282",
	title = "{How a robot should give advice}",
	year = "2013"
}

@inproceedings{unhelkar2014comparative,
	author = "Unhelkar, Vaibhav V and Siu, Ho Chit and Shah, Julie A",
	booktitle = "{Proceedings of the 2014 ACM/IEEE international conference on Human-robot interaction}",
	organization = "ACM",
	pages = "82--89",
	title = "{Comparative performance of human and mobile robotic assistants in collaborative fetch-and-deliver tasks}",
	year = "2014"
}

@article{strabala2013towards,
	author = "Strabala, Kyle Wayne and Lee, Min Kyung and Dragan, Anca Diana and Forlizzi, Jodi Lee and Srinivasa, Siddhartha and Cakmak, Maya and Micelli, Vincenzo",
	journal = "Journal of Human-Robot Interaction",
	number = "1",
	pages = "112--132",
	title = "{Towards seamless human-robot handovers}",
	volume = "2",
	year = "2013"
}

@article{nikolaidis2012human,
	author = "Nikolaidis, Stefanos and Shah, Julie",
	journal = "ACM/IEEE HRI",
	title = "{Human-robot teaming using shared mental models}",
	year = "2012"
}

@inproceedings{nikolaidis2013human,
	author = "Nikolaidis, Stefanos and Shah, Julie",
	booktitle = "{Proceedings of the 8th ACM/IEEE international conference on Human-robot interaction}",
	organization = "IEEE Press",
	pages = "33--40",
	title = "{Human-robot cross-training: computational formulation, modeling and evaluation of a human team training strategy}",
	year = "2013"
}

@inproceedings{mainprice2013human,
	author = "Mainprice, Jim and Berenson, Dmitry",
	booktitle = "{Intelligent Robots and Systems (IROS), 2013 IEEE/RSJ International Conference on}",
	organization = "IEEE",
	pages = "299--306",
	title = "{Human-robot collaborative manipulation planning using early prediction of human motion}",
	year = "2013"
}

@inproceedings{shah2011improved,
	author = "Shah, Julie and Wiken, James and Williams, Brian and Breazeal, Cynthia",
	booktitle = "{Proceedings of the 6th international conference on Human-robot interaction}",
	organization = "ACM",
	pages = "29--36",
	title = "{Improved human-robot team performance using chaski, a human-inspired plan execution system}",
	year = "2011"
}

@inproceedings{nikolaidis2013human,
	author = "Nikolaidis, Stefanos and Lasota, Przemyslaw and Rossano, Gregory and Martinez, Carlos and Fuhlbrigge, Thomas and Shah, Julie",
	booktitle = "{Robotics (ISR), 2013 44th International Symposium on}",
	organization = "IEEE",
	pages = "1--6",
	title = "{Human-robot collaboration in manufacturing: Quantitative evaluation of predictable, convergent joint action}",
	year = "2013"
}

@article{koppula2013anticipating,
	author = "Koppula, Hema S and Saxena, Ashutosh",
	journal = "Robotics: Science and Systems, Berlin",
	title = "{Anticipating human activities using object affordances for reactive robotic response}",
	year = "2013"
}

@inproceedings{fiore2016,
 author = {Michelangelo Fiore and Gr{\'e}goire Milliez and Rachid Alami}, 
 title = {Using Agent Belief Awareness and Context for Intention
Recognition and Proactive Behavior},
 booktitle = {Proceedings of the 25rd IEEE International Symposium on Robot and Human Interactive Communication}, 
 year = {2016}, 
 note = {in review},
 }

@inproceedings{liu2013s,
	author = "Liu, Phoebe and Glas, Dylan F and Kanda, Takayuki and Ishiguro, Hiroshi and Hagita, Norihiro",
	booktitle = "{Proceedings of the 8th ACM/IEEE international conference on Human-robot interaction}",
	organization = "IEEE Press",
	pages = "267--274",
	title = "{It's not polite to point: generating socially-appropriate deictic behaviors towards people}",
	year = "2013"
}


@inproceedings{Lallement2014,
	author = "Lallement, Rapha{\"e}l and de Silva, Lavindra and Alami, Rachid",
	booktitle = "{2nd ICAPS Workshop on Planning and Robotics, PlanRob 2014}",
	title = "{ HATP: An HTN Planner for Robotics}",
	year = "2014"
}

@inproceedings{Milliez2014,
 author = {Gr{\'e}goire Milliez and Mathieu Warnier and Aur{\'e}lie Clodic and Rachid Alami}, 
 title = {A framework for endowing interactive robot with reasoning capabilities about perspective-taking and belief management.},
 booktitle = {Proceedings of the 23rd IEEE International Symposium on Robot and Human Interactive Communication}, 
 year = {2014}, }

@inproceedings{warnier2012when,
  author = {Warnier, M. and Guitton, J. and Lemaignan, S. and Alami, R.},
  title = {When the Robot Puts Itself in Your Shoes. Managing and Exploiting Human and Robot Beliefs},
  booktitle = {Proceedings of the 21th IEEE International Symposium in Robot and Human Interactive Communication},
  year = {2012},
}






@inproceedings{echeverria11,
  title={Modular open robots simulation engine: MORSE},
  author={Echeverria, Gilberto and Lassabe, Nicolas and Degroote, Arnaud and Lemaignan, S{\'e}verin},
  booktitle={ICRA},
  year={2011},
}

@article{Baron1985,
title = "Does the autistic child have a 'theory of mind'?",
journal = "Cognition",
volume = "21",
number = "1",
pages = "37 - 46",
year = "1985",
author = " Baron-Cohen S, Leslie AM, Frith U"
}

@article{Wimmer1983,
title = "Beliefs about beliefs: Representation and constraining function of wrong beliefs in young children's understanding of deception",
journal = "Cognition",
volume = "13",
number = "1",
pages = "103 - 128",
year = "1983",
author = "Heinz Wimmer and Josef Perner"
}

@article{selman1971,
title = "The relation of role taking to the development of moral judgment in children",
journal = "Child Development",
volume = "42",
number = "1",
pages = "79 - 91",
year = "1971",
author = "R Selman"
}

@article{Tversky1999,
	Author = {Tversky, B. and Lee, P. and Mainwaring, S.},
	Journal = {Spatial Cognition and Computation},
	Number = {4},
	Pages = {399--412},
	Publisher = {Kluwer Academic Publishers},
	Title = {Why do speakers mix perspectives?},
	Volume = {1},
	Year = {1999}
}

@article{Trafton2005,
	Author = {Trafton, J. and Cassimatis, N. and Bugajska, M. and Brock, D. and Mintz, F. and Schultz, A.},
	Journal = {IEEE Transactions on Systems, Man, and Cybernetics},
	Title = {Enabling Effective Human-robot Interaction Using Perspective-taking in Robots},
  volume    = {35},
  number    = {4},
  year      = {2005},
  pages     = {460-470}
}

@inproceedings {Urias2008,
	author = {Luis Felipe Marin-Urias, E. Akin Sisbot, Rachid Alami},
	title = {Geometric Tools for Perspective Taking for Human-Robot Interaction},
	journal = {Seventh Mexican International Conference on Artificial Intelligence},
	year = {2008}
}

@INPROCEEDINGS{Warnier2012a,
  author = {Mathieu Warnier and Julien Guitton and Séverin Lemaignan and Rachid
        Alami},
  title = {When the robot puts itself in your shoes. {E}xplicit geometric management
        of position beliefs.},
  booktitle = {ISRHIC},
  year = {2012},
}

@INPROCEEDINGS{Milliez2014,
  author = {Grégoire Milliez and Mathieu Warnier and Aurélie Clodic and Rachid Alami},
  title = {A framework for endowing interactive robot with reasoning capabilities about perspective-taking and belief management.},
  booktitle = {ISRHIC},
  year = {2014},
}



@inproceedings{Holzapfel2004,
 author = {Holzapfel, Hartwig and Nickel, Kai and Stiefelhagen, Rainer},
 title = {Implementation and Evaluation of a Constraint-based Multimodal Fusion System for Speech and 3D Pointing Gestures},
 booktitle = {ICMI},
 year = {2004}
} 


@inproceedings{simpar_2014,
  author    = {Grégoire Milliez and
               Emmanuel Ferreira and
               Michelangelo Fiore and
               Rachid Alami and
               Fabrice Lef{\`e}vre},
  title     = {Simulating Human Robot Interaction for Dialogue Learning},
  booktitle = {SIMPAR},
  year      = {2014},
  pages     = {62--73}
}

@inproceedings{Ferreira2015,
title={Users' Belief Awareness in Reinforcement Learning-based Situated Human-Robot Dialogue Management},
author={Ferreira, Emmanuel and Milliez, Gr{\'e}goire and Lefevre, Fabrice and Alami, Rachid},
booktitle={IWSDS},
year={2015}
}

@article{BreazealGB09,
  author    = {Cynthia Breazeal and
               Jesse Gray and
               Matt Berlin},
  title     = {An Embodied Cognition Approach to Mindreading Skills for
               Socially Intelligent Robots},
  journal   = {I. J. Robotic Res.},
  year      = {2009}
}

@article{breazeal2006,
	Author = {Breazeal, C. and Berlin, M. and Brooks, A. and Gray, J. and Thomaz, A.},
	Journal = {Robotics and Autonomous Systems},
	Title = {Using Perspective Taking to Learn from Ambiguous Demonstrations},
	Year = {2006}
}

@article{Johnson2005,
	Author = {Johnson, M. and Demiris, Y.},
	Journal = {Advanced Robotic Systems},
	Title = {Perceptual Perspective Taking and Action Recognition},
	Year = {2005}
}

@INPROCEEDINGS{Saxena2013,
  author = {Hema S Koppula, Ashutosh Saxena},
  title = {Anticipating Human Activities using Object Affordances for Reactive Robotic Response},
  booktitle = {Robotics: Science and Systems (RSS)},
  year = {2013},
}

@article{premack1978does,
  title={Does the chimpanzee have a theory of mind?},
  author={Premack, David and Woodruff, Guy},
  journal={Behavioral and brain sciences},
  volume={1},
  number={04},
  pages={515--526},
  year={1978},
  publisher={Cambridge Univ Press}
}



@article{byom2013theory,
  title={Theory of mind: mechanisms, methods, and new directions},
  author={Byom, Lindsey J and Mutlu, Bilge},
  journal={Frontiers in human neuroscience},
  volume={7},
  year={2013},
  publisher={Frontiers Media SA}
}



@inproceedings{abowd1999towards,
  title={Towards a better understanding of context and context-awareness},
  author={Abowd, Gregory D and Dey, Anind K and Brown, Peter J and Davies, Nigel and Smith, Mark and Steggles, Pete},
  booktitle={Handheld and ubiquitous computing},
  pages={304--307},
  year={1999},
  organization={Springer}
}


@article{stuss2001frontal,
  title={The frontal lobes are necessary for theory of mind'},
  author={Stuss, Donald T and Gallup, Gordon G and Alexander, Michael P},
  journal={Brain},
  volume={124},
  number={2},
  pages={279--286},
  year={2001},
  publisher={Oxford Univ Press}
}


@article{frick2014picturing,
  title={Picturing perspectives: development of perspective-taking abilities in 4-to 8-year-olds},
  author={Frick, Andrea and M{\"o}hring, Wenke and Newcombe, Nora S},
  journal={Frontiers in psychology},
  volume={5},
  year={2014},
  publisher={Frontiers Media SA}
}


@article{Baron1985,
title = "Does the autistic child have a 'theory of mind'?",
journal = "Cognition",
volume = "21",
number = "1",
pages = "37 - 46",
year = "1985",
author = "Baron-Cohen S, Leslie AM, Frith U"
}


@article{Call1998,
author = "Call J, Tomasello M",
title = "Distinguishing intentional from accidental actions in orangutans (Pongo pygmaeus), chimpanzees (Pan troglodytes) and human children (Homo sapiens).",
journal = "Journal of Comparative Psychology",
volume = "112",
number = "2",
pages = "192 - 206",
year = "1998",
}



@article{Bruner1981,
title = "Intention in the structure of action and interaction.",
journal = "Advances in Infancy Research",
volume = "1",
pages = "41 - 56",
year = "1981",
author = " Jerome S. Bruner"
}



@article{Brunet2000,
title = "A \{PET\} Investigation of the Attribution of Intentions with a Nonverbal Task ",
journal = "NeuroImage ",
volume = "11",
number = "2",
pages = "157 - 166",
year = "2000",
note = "",
issn = "1053-8119",
doi = "http://dx.doi.org/10.1006/nimg.1999.0525",
author = "Eric Brunet and Yves Sarfati and Marie-Christine Hardy-Baylé and Jean Decety",
}




@article{Blakemore2001,
title = "From the perception of action to the understanding of intention",
journal = "Nature Reviews Neuroscience 2, 561-567 (August 2001",
volume = "2",
pages = "561 - 567",
year = "2001",
note = "",
issn = "1471-003X",
doi = "http://dx.doi.org/10.1038/35086023",
author = "Sarah-Jayne Blakemore and Jean Decety",
}

@article{Happé1993,
title = "Communicative competence and theory of mind in autism: A test of relevance theory ",
journal = "Cognition ",
volume = "48",
number = "2",
pages = "101 - 119",
year = "1993",
note = "",
issn = "0010-0277",
doi = "http://dx.doi.org/10.1016/0010-0277(93)90026-R",
url = "http://www.sciencedirect.com/science/article/pii/001002779390026R",
author = "Francesca G.E. Happé"
}

@article{Bratman1984,
title = "Two Faces of Intention",
journal = "Philosophical Review",
volume = "93",
pages = "375 - 405",
year = "1984",
author = " Michael Bratman"
}


@article{Cohen1991,
	author = "Cohen, P. R. and Levesque, H. J.",
	journal = "Nous",
	pages = "487--512",
	title = "{Teamwork}",
	volume = "25(4)",
	year = "1991"
}

@inbook{Flavell1992,
	author = "Flavell, J.",
	pages = "107--139",
	publisher = "L. Erlbaum Associates",
	title = "{Perspectives on Perspective Taking}",
	year = "1992"
}


@article{Tversky1999,
	author = "Tversky, B. and Lee, P. and Mainwaring, S.",
	journal = "Spatial Cognition and Computation",
	number = "4",
	pages = "399--412",
	publisher = "Kluwer Academic Publishers",
	title = "{Why do speakers mix perspectives?}",
	volume = "1",
	year = "1999"
}

@article{sebanz2006joint,
	author = "Sebanz, Natalie and Bekkering, Harold and Knoblich, G{\"u}nther",
	journal = "Trends in cognitive sciences",
	number = "2",
	pages = "70--76",
	publisher = "Elsevier",
	title = "{Joint action: bodies and minds moving together}",
	volume = "10",
	year = "2006"
}



@article{bratman2009shared,
	author = "Bratman and Michael, E",
	journal = "Philosophy of the social sciences: philosophical theory and scientific practice",
	pages = "41--59",
	title = "{Shared agency}",
	year = "2009"
}






@article{Wimmer1983,
title = "Beliefs about beliefs: Representation and constraining function of wrong beliefs in young children's understanding of deception",
journal = "Cognition",
volume = "13",
number = "1",
pages = "103 - 128",
year = "1983",
author = "Heinz Wimmer and Josef Perner"
}

@article{selman1971,
title = "The relation of role taking to the development of moral judgment in children",
journal = "Child Development",
volume = "42",
number = "1",
pages = "79 - 91",
year = "1971",
author = "R Selman"
}

@article{breazeal2009embodied,
  title={An embodied cognition approach to mindreading skills for socially intelligent robots},
  author={Breazeal, Cynthia and Gray, Jesse and Berlin, Matt},
  journal={The International Journal of Robotics Research},
  volume={28},
  number={5},
  pages={656--680},
  year={2009},
  publisher={Sage Publications}
}


@INPROCEEDINGS{Nagai2015,
author={Nagai, T. and Abe, K. and Nakamura, T. and Oka, N. and Omori, T.},
booktitle={Proceedings of the 24th IEEE International Symposium on Robot and Human Interactive Communication},
title={Probabilistic Modeling of Mental Models of Others},
year={2015},
month={Aug},
}

@INPROCEEDINGS{Milliez2014,
author={Milliez, G. and Warnier, M. and Clodic, A. and Alami, R.},
booktitle={Robot and Human Interactive Communication, 2014 RO-MAN: The 23rd IEEE International Symposium on},
title={A framework for endowing an interactive robot with reasoning capabilities about perspective-taking and belief management},
year={2014},
month={Aug},
pages={1103-1109},
doi={10.1109/ROMAN.2014.6926399},
}


@inproceedings{Clair2010,
	author = "Aaron B. St. Clair, Ross Mead and Maja J. Matari{\'c}",
	title = "Monitoring and Guiding User Attention and Intention in Human-Robot Interaction",
	booktitle = "2010 IEEE International Conference on Robotics and Automation Workshop on Interactive Communication for Autonomous Intelligent Robots",
	address = "Anchorage, Alaska",
	month = "May",
	year = "2010",
	url = "http://robotics.usc.edu/publications/668/"
}

@book{Dennet1989,
  title={The intentional stance},
  author={Dennett, Daniel Clement},
  year={1989},
  publisher={MIT press}
}




@article{Althaus2004,
	author = "Althaus, P. and Ishiguro, H. and Kanda, T. and Miyashita, T. and Christensen, H.I.",
	journal = "IEEE Int. Conf. on Robotics \& Automation, New Orleans, USA",
	title = "{Navigation for Human-Robot Interaction Tasks}",
	year = "2004"
}

@techreport{Berg2004,
	author = "Berg, J. van den and Overmars, M.",
	institution = "Utrecht University, NL",
	title = "{Roadmap-based Motion Planning in Dynamic Environments}",
	year = "2004"
}





@article{Johnson2005,
	author = "Johnson, M. and Demiris, Y.",
	journal = "Advanced Robotic Systems",
	number = "4",
	pages = "301--308",
	title = "{Perceptual Perspective Taking and Action Recognition}",
	volume = "2",
	year = "2005"
}



@inproceedings{Ros2010b,
	author = "Ros, R. and Lemaignan, S. and Sisbot, E.A. and Alami, R. and Steinwender, J. and Hamann, K. and Warneken, F.",
	booktitle = "{19th IEEE International Symposium in Robot and Human Interactive Communication}",
	title = "{Which One? Grounding the Referent Based on Efficient Human-Robot Interaction}",
	year = "2010"
}

@article{Scassellati2002,
	author = "Scassellati, B.",
	journal = "Autonomous Robots",
	number = "1",
	pages = "13--24",
	publisher = "Springer",
	title = "{Theory of mind for a humanoid robot}",
	volume = "12",
	year = "2002"
}

@article{Sidner2005,
	author = "Sidner, C. L. and Lee, C. and Kidd, C. and Lesh, N. and Rich, C.",
	journal = "Artificial Intelligence",
	number = "1-2",
	pages = "140--164",
	title = "{Explorations in Engagement for Humans and Robots}",
	volume = "166",
	year = "2005"
}




@inproceedings{ros2010one,
	author = "Ros, Raquel and Lemaignan, S{\'e}verin and Sisbot, Emrah Akin and Alami, Rachid and Steinwender, Jasmin and Hamann, Katharina and Warneken, Felix",
	booktitle = "{RO-MAN, 2010 IEEE}",
	organization = "IEEE",
	pages = "570--575",
	title = "{Which one? grounding the referent based on efficient human-robot interaction}",
	year = "2010"
}



@inproceedings{gray2005action,
	author = "Gray, Jesse and Breazeal, Cynthia and Berlin, Matt and Brooks, Andrew and Lieberman, Jeff",
	booktitle = "{Robot and Human Interactive Communication, 2005. ROMAN 2005. IEEE International Workshop on}",
	organization = "IEEE",
	pages = "202--209",
	title = "{Action parsing and goal inference using self as simulator}",
	year = "2005"
}

@article{bicho2011neuro,
	author = "Bicho, Estela and Erlhagen, Wolfram and Louro, Luis and {Costa e Silva}, Eliana",
	journal = "Human movement science",
	number = "5",
	pages = "846--868",
	publisher = "Elsevier",
	title = "{Neuro-cognitive mechanisms of decision making in joint action: A human--robot interaction study}",
	volume = "30",
	year = "2011"
}

@inproceedings{breazeal2004teaching,
	author = "Breazeal, Cynthia and Hoffman, Guy and Lockerd, Andrea",
	booktitle = "{Proceedings of the Third International Joint Conference on Autonomous Agents and Multiagent Systems-Volume 3}",
	organization = "IEEE Computer Society",
	pages = "1030--1037",
	title = "{Teaching and working with robots as a collaboration}",
	year = "2004"
}


@article{trafton2013act,
	author = "Trafton, Greg and Hiatt, Laura and Harrison, Anthony and Tamborello, Frank and Khemlani, Sangeet and Schultz, Alan",
	journal = "Journal of Human-Robot Interaction",
	number = "1",
	pages = "30--55",
	title = "{ACT-R/E: An Embodied Cognitive Architecture for Human-Robot Interaction}",
	volume = "2",
	year = "2013"
}

@inproceedings{clodic2007management,
	author = "Clodic, Aur{\'e}lie and Ransan, Maxime and Alami, Rachid and Montreuil, Vincent",
	booktitle = "{Systems, Man and Cybernetics, 2007. ISIC. IEEE International Conference on}",
	organization = "IEEE",
	pages = "1551--1556",
	title = "{A management of mutual belief for human-robot interaction}",
	year = "2007"
}




@article{johnson2005perceptual,
	author = "Johnson, Matthew and Demiris, Yiannis",
	journal = "International Journal of Advanced Robotic Systems",
	number = "4",
	title = "{Perceptual Perspective Taking and Action Recognition.}",
	volume = "2",
	year = "2005"
}




@inproceedings{warnier2012when,
  author = {Warnier, M. and Guitton, J. and Lemaignan, S. and Alami, R.},
  title = {When the Robot Puts Itself in Your Shoes. Managing and Exploiting Human and Robot Beliefs},
  booktitle = {Proceedings of the 21th IEEE International Symposium in Robot and Human Interactive Communication},
  year = {2012},
}


@article{Trafton2005,
	Author = {Trafton, J. and Cassimatis, N. and Bugajska, M. and Brock, D. and Mintz, F. and Schultz, A.},
	Journal = {IEEE Transactions on Systems, Man, and Cybernetics},
	Title = {Enabling Effective Human-robot Interaction Using Perspective-taking in Robots},
  volume    = {35},
  number    = {4},
  year      = {2005},
  pages     = {460-470}
}

@inproceedings {Urias2008,
	author = {Luis Felipe Marin-Urias, E. Akin Sisbot, Rachid Alami},
	title = {Geometric Tools for Perspective Taking for Human-Robot Interaction},
	journal = {Seventh Mexican International Conference on Artificial Intelligence},
	year = {2008}
}

@INPROCEEDINGS{Warnier2012a,
  author = {Mathieu Warnier and Julien Guitton and Séverin Lemaignan and Rachid
        Alami},
  title = {When the robot puts itself in your shoes. {E}xplicit geometric management
        of position beliefs.},
  booktitle = {ISRHIC},
  year = {2012},
}



@article{BreazealGB09,
  author    = {Cynthia Breazeal and
               Jesse Gray and
               Matt Berlin},
  title     = {An Embodied Cognition Approach to Mindreading Skills for
               Socially Intelligent Robots},
  journal   = {I. J. Robotic Res.},
  year      = {2009}
}

@article{breazeal2006,
	Author = {Breazeal, C. and Berlin, M. and Brooks, A. and Gray, J. and Thomaz, A.},
	Journal = {Robotics and Autonomous Systems},
	Title = {Using Perspective Taking to Learn from Ambiguous Demonstrations},
	Year = {2006}
}

@article{Johnson2005,
	Author = {Johnson, M. and Demiris, Y.},
	Journal = {Advanced Robotic Systems},
	Title = {Perceptual Perspective Taking and Action Recognition},
	Year = {2005}
}

@INPROCEEDINGS{Saxena2013,
  author = {Hema S Koppula, Ashutosh Saxena},
  title = {Anticipating Human Activities using Object Affordances for Reactive Robotic Response},
  booktitle = {Robotics: Science and Systems (RSS)},
  year = {2013},
}


@incollection{scheutz2013computational,
  title={Computational mechanisms for mental models in human-robot interaction},
  author={Scheutz, Matthias},
  booktitle={Virtual Augmented and Mixed Reality. Designing and Developing Augmented and Virtual Environments},
  pages={304--312},
  year={2013},
  publisher={Springer}
}


@inproceedings{Lucignano13,
  title={A dialogue system for multimodal human-robot interaction},
  author={Lucignano, Lorenzo and Cutugno, Francesco and Rossi, Silvia and Finzi, Alberto},
  booktitle={Proceedings of the 15th ACM on International conference on multimodal interaction},
  pages={197--204},
  year={2013},
  organization={ACM}
}



@inproceedings{Ward94,
  title={Recent improvements in the CMU spoken language understanding system},
  author={Ward, Wayne and Issar, Sunil},
  booktitle={Proceedings of the workshop on Human Language Technology},
  pages={213--216},
  year={1994},
  organization={Association for Computational Linguistics}
}

@inproceedings{Ferreira13a,
  title={Social signal and user adaptation in reinforcement learning-based dialogue management},
  author={Ferreira, Emmanuel and Lef{\`e}vre, Fabrice},
  booktitle={Proceedings of the 2nd Workshop on Machine Learning for Interactive Systems: Bridging the Gap Between Perception, Action and Communication},
  pages={61--69},
  year={2013},
  organization={ACM}
}

@inproceedings{Ferreira13b,
  title={Expert-based reward shaping and exploration scheme for boosting policy learning of dialogue management},
  author={Ferreira, Emmanuel and Lef{\`e}vre, Fabrice},
  booktitle={Automatic Speech Recognition and Understanding (ASRU), 2013 IEEE Workshop on},
  pages={108--113},
  year={2013},
  organization={IEEE}
}


@INPROCEEDINGS{Levin97, 
author={E. Levin and R. Pieraccini and W. Eckert}, 
booktitle={ASRU},
title={Learning dialogue strategies within the Markov decision process framework}, 
year={1997}
}

@ARTICLE{Young10,
title = "The Hidden Information State model: A practical framework for POMDP-based spoken dialogue management",
journal = "Computer Speech and Language",
volume = "24",
number = "2",
pages = "150-174",
year = "2010",
author = "S. Young and M. Ga\v{s}i\'{c} and S. Keizer and F. Mairesse and J. Schatzmann and B. Thomson and K. Yu",
}

@INPROCEEDINGS{Williams08,
    author = {Jason D. Williams},
    title = {Integrating expert knowledge into POMDP optimization for spoken dialog systems},
    booktitle = {In Proceedings of the AAAI-08 Workshop on Advancements in POMDP Solvers},
    year = {2008}
}

	Author = {F. Kanehiro and K. Fujiwara and S. Kajita and K. Yokoi and K. Kaneko and H. Hirukawa},
	Booktitle = {Proceedings of the IEEE ICRA},
	Pages = {24--30},
	Title = {Open architecture humanoid robotics platform},
	Year = {2002}}

@inproceedings{malletGenom3,
	Author = {A. Mallet and C. Pasteur and M. Herrb and S. Lemaignan and F. F. Ingrand},
	Booktitle = {Proceedings of the IEEE ICRA},
	Title = {GenoM3: Building Middleware-Independent Robotic Components},
	Year = {2010}}

@inproceedings{5980252,
	Author = {Echeverria, G. and Lassabe, N. and Degroote, A. and Lemaignan, S.},
	Booktitle = {Robotics and Automation (ICRA), 2011 IEEE International Conference on},
	Doi = {10.1109/ICRA.2011.5980252},
	Issn = {1050-4729},
	Keywords = {Blender game engine mode;Bullet physics engine;Python scripts;actuators;communication framework;component-based architecture;full 3D environment;heterogeneous robots;middleware;modular open robots simulation engine;multiple robots system;open-source robotics simulator;realistic graphical display;robot architecture;software architecture;software-in-the-loop philosophy;middleware;mobile robots;multi-robot systems;software agents;software architecture;},
	Month = {May},
	Pages = {46 -51},
	Title = {Modular open robots simulation engine: MORSE},
	Year = {2011},
	Bdsk-Url-1 = {http://dx.doi.org/10.1109/ICRA.2011.5980252}}

@inproceedings{6106782,
	Author = {Boumghar, R. and Lacroix, S. and Lefebvre, O.},
	Booktitle = {Safety, Security, and Rescue Robotics (SSRR), 2011 IEEE International Symposium on},
	Date-Modified = {2012-05-29 04:51:56 +0000},
	Doi = {10.1109/SSRR.2011.6106782},
	Keywords = {UAV;aerial robot;autonomous navigation;information-driven navigation strategy;motion abilities;multiple-robot coordination;path finding;probabilistic reasoning;rover navigation;unmanned aerial vehicle;vehicle perception;autonomous aerial vehicles;inference mechanisms;mobile robots;path planning;},
	Month = {November},
	Pages = {172 -177},
	Title = {An information-driven Navigation Strategy for Autonomous Navigation in Unknown Environments},
	Year = {2011},
	Bdsk-Url-1 = {http://dx.doi.org/10.1109/SSRR.2011.6106782}}

@inproceedings{mohamed|ram08,
	Author = {N. Mohamed and J. Al-Jaroodi and I. Jawhar},
	Booktitle = {IEEE International Conference on Robotics, Automation and Mechatronics (RAM 2008), Chengduo (China)},
	Pages = {736-742},
	Title = {Middleware for Robotics: A survey},
	Year = {2008}}

@inproceedings{shakhimardanov|iros07,
	Author = {A. Shakhimardanov and E. Prassler},
	Booktitle = {IEEE/RSJ International Conference on Intelligent Robots and Systems, San Diego (USA)},
	Title = {Comparative evaluation of robotic software integration systems: A case study},
	Year = {2007}}

@inproceedings{iTaSC,
	Author = {Smits, R. and De Laet, T. and Claes, K. and Bruyninckx, H. and De Schutter, J.},
	Booktitle = {IEEE International Conference on Multisensor Fusion and Integration for Intelligent Systems},
	Date-Modified = {2012-05-29 05:13:52 +0000},
	Doi = {10.1109/MFI.2008.4648032},
	Keywords = {cameras;constraint-based approach;encoder;force sensor;geometric uncertainty estimation;iTASC;instantaneous task specification and control;laser distance sensor;laser scanner;multisensor integration;robot manipulation;sensor-based robot system;manipulators;multi-robot systems;robot programming;sensor fusion;},
	Month = {August},
	Pages = {426 -433},
	Title = {{iTASC: a tool for multi-sensor integration in robot manipulation}},
	Year = {2008},
	Bdsk-Url-1 = {http://dx.doi.org/10.1109/MFI.2008.4648032}}

@inproceedings{MALLET-2011-599677,
	Address = {Grenoble, France},
	Affiliation = {Laboratoire d'analyse et d'architecture des syst{\`e}mes - LAAS},
	Audience = {nationale},
	Author = {Mallet, Anthony and Herrb, Matthieu},
	Booktitle = {{6th National Conference on Control Architectures of Robots}},
	Date-Modified = {2012-05-31 05:43:02 +0000},
	Hal_Id = {inria-00599677},
	Month = May,
	Organization = {INRIA Grenoble Rh{\^o}ne-Alpes},
	Pdf = {http://hal.inria.fr/inria-00599677/PDF/Mallet-recent-dvlpt.PDF},
	Title = {{Recent developments of the GenoM robotic component generator}},
	Url = {http://hal.inria.fr/inria-00599677},
	Year = {2011},
	Bdsk-Url-1 = {http://hal.inria.fr/inria-00599677}}

@proceedings{IROS-SIMULATION-WKP-2008,
	Month = {Sept.},
	Title = {Workshop on robot simulators: available software, scientific applications and future (along with IROS'08, Nice, France)},
	Year = {2008}}

@proceedings{SIMPAR-2008,
	Month = {Nov},
	Title = {International Conference on {S}imulation, {M}odeling and {P}rogramming for {A}utonomous {R}obots (SIMPAR 2008) Venice(Italy)},
	Year = {2008}}

@conference{ros-288,
	Attachments = {http://www.willowgarage.com/sites/default/files/icraoss09-ROS.pdf},
	Author = {Morgan Quigley and Ken Conley and Brian P. Gerkey and Josh Faust and Tully Foote and Jeremy Leibs and Rob Wheeler and Andrew Y. Ng},
	Booktitle = {ICRA Workshop on Open Source Software},
	Date-Modified = {2012-05-31 05:43:36 +0000},
	Title = {{ROS: an open-source Robot Operating System}},
	Year = {2009}}

@conference{psg-1232,
	Attachments = {http://www.willowgarage.com/sites/default/files/Rusu07ICRA_NRS.pdf},
	Author = {Radu Bogdan Rusu and Alexis Maldonado and Michael Beetz and Brian P. Gerkey},
	Booktitle = {Proceedings of the IEEE International Conference on Robotics and Automation (ICRA) Workshop for Network Robot Systems},
	Date-Modified = {2012-05-29 04:07:52 +0000},
	Title = {Extending {P}layer/{St}age/{G}azebo towards Cognitive Robots Acting in Ubiquitous Sensor-equipped Environments},
	Year = {2007}}

@article{stiefelhagen07,
  title={Enabling multimodal human--robot interaction for the Karlsruhe humanoid robot},
  author={Stiefelhagen, Rainer and Ekenel, Hazim Kemal and Fugen, Christian and Gieselmann, Petra and Holzapfel, Hartwig and Kraft, Florian and Nickel, Kai and Voit, Michael and Waibel, Alex},
  journal={Robotics, IEEE Transactions on},
  volume={23},
  number={5},
  pages={840--851},
  year={2007},
  publisher={IEEE}
}


@incollection{Petters08Testing,
	Affiliation = {Technische Universit{\"a}t Darmstadt Department of Computer Science Hochschulstr. 10 D-64289 Darmstadt Germany},
	Author = {Petters, S. and Thomas, D. and Friedmann, M. and von Stryk, O.},
	Booktitle = {Simulation, Modeling, and Programming for Autonomous Robots},
	Editors = {Carpin, Stefano and Noda, Itsuki and Pagello, Enrico and Reggiani, Monica and von Stryk, Oskar},
	Pages = {183-194},
	Publisher = {Springer Berlin / Heidelberg},
	Series = {Lecture Notes in Computer Science},
	Title = {Multilevel Testing of Control Software for Teams of Autonomous Mobile Robots},
	Volume = {5325},
	Year = {2008}}

@inproceedings{byron06,
  author = {Donna K. Byron and Eric Fosler-Lussier},
  title = {The OSU Quake 2004 corpus of two-party situated problem-solving dialogs},
  booktitle = {Proceedings of the 15th Language Resources and Evaluation Conference (LREC'06)},
  optpages = {},
  year = {2006},
  pdf = {http://www.ccs.neu.edu/home/dbyron/pubs/DByron-Fosler-lrec2006.pdf}}


@inproceedings{prommer06,
  title={Rapid simulation-driven reinforcement learning of multimodal dialog strategies in human-robot interaction.},
  author={Prommer, Thomas and Holzapfel, Hartwig and Waibel, Alex},
  booktitle={INTERSPEECH},
  year={2006}
}


@inproceedings{rieser08,
  title={Learning Effective Multimodal Dialogue Strategies from Wizard-of-Oz Data: Bootstrapping and Evaluation.},
  author={Rieser, Verena and Lemon, Oliver},
  booktitle={ACL},
  pages={638--646},
  year={2008}
}

@article{Lewis07usarsim,
	Author = {M. Lewis and J. Wang and S. Hughes},
	Journal = {Journal of Cognitive Engineering and Decision Making},
	Pages = {98--120},
	Title = {USARSim : Simulation for the Study of Human-Robot Interaction},
	Volume = {2007},
	Year = {2007}}
    
    @inproceedings{morse_simpar_2012,
  author    = {Gilberto Echeverria and
               Séverin Lemaignan and
               Arnaud Degroote and
               Simon Lacroix and
               Michael Karg and
               Pierrick Koch and
               Charles Lesire and
               Serge Stinckwich},
  title     = {Simulating Complex Robotic Scenarios with MORSE},
  booktitle = {SIMPAR},
  year      = {2012},
  pages     = {197-208},
  url       = {http://morse.openrobots.org}
}



@inproceedings{Freese2010,
	author = {Freese, Marc and Singh, Surya and Ozaki, Fumio and Matsuhira, Nobuto},
	title = {Virtual robot experimentation platform V-REP: a versatile 3D robot simulator},
	booktitle = {Proceedings of the Second international conference on Simulation, modeling, and programming for autonomous robots},
	series = {SIMPAR'10},
	year = {2010},
	isbn = {3-642-17318-7, 978-3-642-17318-9},
	location = {Darmstadt, Germany},
	pages = {51--62},
	numpages = {12},
	url = {http://dl.acm.org/citation.cfm?id=1947545.1947555},
	acmid = {1947555},
	publisher = {Springer-Verlag},
	address = {Berlin, Heidelberg},
	keywords = {V-REP, distributed control, robot simulator}} 

@inproceedings{nakaoka|iros07,
	Author = {S. Nakaoka and S. Hattori and F. KANEHIRO and S. Kajita and H. Hirukawa},
	Booktitle = {IEEE/RSJ International Conference on Intelligent Robots and Systems, (IROS2007)},
	Title = {Constraint-based Dynamics Simulator for Humanoid Robots with Shock Absorbing Mechanisms},
	Year = {2007}}