@Inbook{fioreicsr2015,
author="Fiore, Michelangelo
and Khambhaita, Harmish
and Milliez, Gr{\'e}goire
and Alami, Rachid",
editor="Tapus, Adriana
and Andr{\'e}, Elisabeth
and Martin, Jean-Claude
and Ferland, Fran{\c{c}}ois
and Ammi, Mehdi",
chapter="An Adaptive and Proactive Human-Aware Robot Guide",
title="Social Robotics: 7th International Conference, ICSR 2015, Paris, France, October 26-30, 2015, Proceedings",
year="2015",
publisher="Springer International Publishing",
address="Cham",
pages="194--203"
}

@inproceedings{edlund2006rule,
  title={Rule-based situation assessment for sea surveillance},
  author={Edlund, Johan and Gr{\"o}nkvist, Magnus and Lingvall, Andreas and Sviestins, Egils},
  booktitle={Defense and Security Symposium},
  pages={624203--624203},
  year={2006},
  organization={International Society for Optics and Photonics}
}

@article{noble1989application,
  title={Application of a theory of cognition to situation assessment},
  author={Noble, D},
  journal={Vienna, VA: Engineering Research Associates},
  year={1989}
}

@inproceedings{fracker1988theory,
  title={A theory of situation assessment: Implications for measuring situation awareness},
  author={Fracker, Martin L},
  booktitle={Proceedings of the Human Factors and Ergonomics Society Annual Meeting},
  volume={32},
  number={2},
  pages={102--106},
  year={1988},
  organization={SAGE Publications}
}

@article{stanton2001situational,
  title={Situational awareness and safety},
  author={Stanton, Neville A and Chambers, Peter RG and Piggott, J},
  journal={Safety science},
  volume={39},
  number={3},
  pages={189--204},
  year={2001},
  publisher={Elsevier}
}

@book{russell2003artificial,
  title={Artificial intelligence: a modern approach},
  author={Russell, Stuart Jonathan and Norvig, Peter},
  volume={2}
}

@misc{swartout1985rule,
  title={Rule-based expert systems: The mycin experiments of the stanford heuristic programming project: BG Buchanan and EH Shortliffe,(Addison-Wesley, Reading, MA, 1984); 702 pages},
  author={Swartout, William R},
  year={1985},
  publisher={Elsevier}
}

@article{miller1982internist,
  title={Internist-I, an experimental computer-based diagnostic consultant for general internal medicine},
  author={Miller, Randolph A and Pople Jr, Harry E and Myers, Jack D},
  journal={New England Journal of Medicine},
  volume={307},
  number={8},
  pages={468--476},
  year={1982},
  publisher={Mass Medical Soc}
}

@inproceedings{bonasso1995experiences,
  title={Experiences with an architecture for intelligent, reactive agents},
  author={Bonasso, R Peter and Kortenkamp, David and Miller, David P and Slack, Marc},
  booktitle={International Workshop on Agent Theories, Architectures, and Languages},
  pages={187--202},
  year={1995},
  organization={Springer}
}

@article{harnad1990symbol,
  title={The symbol grounding problem},
  author={Harnad, Stevan},
  journal={Physica D: Nonlinear Phenomena},
  volume={42},
  number={1-3},
  pages={335--346},
  year={1990},
  publisher={Elsevier}
}

@article{brooks1986robust,
  title={A robust layered control system for a mobile robot},
  author={Brooks, Rodney},
  journal={IEEE journal on robotics and automation},
  volume={2},
  number={1},
  pages={14--23},
  year={1986},
  publisher={IEEE}
}

@techreport{nilsson1969mobile,
  title={A mobile automaton: An application of artificial intelligence techniques},
  author={Nilsson, Nils J},
  year={1969},
  institution={DTIC Document}
}

@article{milgram1984multi,
  title={Multi-crew Model Analytic Assessment of Landing Performance and Decision-making Demands},
  author={Milgram, P and Vanderwijngaart, R and Veerbeek, H and Bleeker, OF},
  year={1984}
}

@article{baron1980procru,
  title={PROCRU: A model for analyzing crew procedures in approach to landing},
  author={Baron, S and Muralidharan, R and Lancraft, R and Zacharias, G},
  year={1980}
}

@article{bedny1999theory,
  title={Theory of activity and situation awareness},
  author={Bedny, Gregory and Meister, David},
  journal={International Journal of cognitive ergonomics},
  volume={3},
  number={1},
  pages={63--72},
  year={1999},
  publisher={Taylor \& Francis}
}

@article{smith1995situation,
  title={Situation awareness is adaptive, externally directed consciousness},
  author={Smith, Kip and Hancock, Peter A},
  journal={Human Factors: The Journal of the Human Factors and Ergonomics Society},
  volume={37},
  number={1},
  pages={137--148},
  year={1995},
  publisher={SAGE Publications}
}

@article{endsley2000,
  title={Theoretical underpinnings of situation awareness: A critical review},
  author={Endsley, Mica R and Garland, DJ},
  journal={Situation awareness analysis and measurement},
  pages={3--32},
  year={2000},
  publisher={Lawrence Erlbaum Associates, Mahwah, NJ}
}

@book{pew1998modeling,
  title={Modeling human and organizational behavior: Application to military simulations},
  author={Pew, Richard W and Mavor, Anne S and others},
  year={1998},
  publisher={National Academies Press}
}

@article{gilson1995,
  title={SITUATION AWARENESS},
  author={GILSON, R. D.},
  journal={HUMAN FACTORS},
  volume={37},
  pages={3--4},
  year={1995}
}

@article{stiffler1988graduate,
  title={Graduate level situation awareness},
  author={Stiffler, D},
  journal={USAF Fighter Weapons Review},
  volume={26},
  pages={2--15},
  year={1988}
}

@article{lemaignan2012grounding,
  title={Grounding the interaction: Anchoring situated discourse in everyday human-robot interaction},
  author={Lemaignan, S{\'e}verin and Ros, Raquel and Sisbot, E Akin and Alami, Rachid and Beetz, Michael},
  journal={International Journal of Social Robotics},
  volume={4},
  number={2},
  pages={181--199},
  year={2012},
  publisher={Springer}
}

@incollection{lemaignan2014simulation,
  title={Simulation and HRI recent perspectives with the MORSE simulator},
  author={Lemaignan, S{\'e}verin and Hanheide, Marc and Karg, Michael and Khambhaita, Harmish and Kunze, Lars and Lier, Florian and L{\"u}tkebohle, Ingo and Milliez, Gr{\'e}goire},
  booktitle={Simulation, Modeling, and Programming for Autonomous Robots},
  pages={13--24},
  year={2014},
  publisher={Springer International Publishing}
}

@inproceedings{flavell1977development,
  title={The development of knowledge about visual perception.},
  author={Flavell, John H},
  booktitle={Nebraska symposium on motivation},
  year={1977},
  organization={University of Nebraska Press}
}

@inproceedings{ros2010solving,
  title={Solving ambiguities with perspective taking},
  author={Ros, Raquel and Sisbot, Emrah Akin and Alami, Rachid and Steinwender, Jasmin and Hamann, Katharina and Warneken, Felix},
  booktitle={Proceedings of the 5th ACM/IEEE international conference on Human-robot interaction},
  pages={181--182},
  year={2010},
  organization={IEEE Press}
}


@article{endsley1995,
  title={Toward a theory of situation awareness in dynamic systems},
  author={Endsley, Mica R},
  journal={Human Factors: The Journal of the Human Factors and Ergonomics Society},
  volume={37},
  number={1},
  pages={32--64},
  year={1995},
  publisher={SAGE Publications}
}

@inproceedings{sisbot2011situation,
  title={Situation assessment for human-robot interactive object manipulation},
  author={Sisbot, E Akin and Ros, Raquel and Alami, Rachid},
  booktitle={RO-MAN, 2011 IEEE},
  pages={15--20},
  year={2011},
  organization={IEEE}
}

@inproceedings{Milliez16,
  author    = {Gregoire Milliez and Raphael Lallement and Michelangelo Fiore and Rachid Alami},
  title     = {Using Human Knowledge Awareness to Adapt Collaborative Plan Generation, Explanation and Monitoring},
  booktitle = {{ACM/IEEE} International Conference on Human-Robot Interaction, HRI'16,
               },
  year      = {2016}
}

@inproceedings{Devin16,
  author    = {Sandra Devin and Rachid Alami},
  title     = {An Implemented Theory of Mind to Improve Human-Robot Shared Plans Execution.},
  booktitle = {{ACM/IEEE} International Conference on Human-Robot Interaction, HRI'16,
               },
  year      = {2016}
}

@INPROCEEDINGS{Kluge01situationassessment,
    author = {Boris Kluge and JÃ¶rg Illmann and Erwin Prassler},
    title = {Situation Assessment In Crowded Public Environments},
    booktitle = {Proc. of Int. Conf. on Field and Service Robotics},
    year = {2001}
}

@Inbook{Chella2010,
author="Chella, Antonio",
editor="Hussain, Amir
and Aleksander, Igor
and Smith, S. Leslie
and Barros, Kardec Allan
and Chrisley, Ron
and Cutsuridis, Vassilis",
chapter="A Robot Architecture Based on Higher Order Perception Loop",
title="Brain Inspired Cognitive Systems 2008",
year="2010",
publisher="Springer New York",
address="New York, NY",
pages="267--283",
}


@inproceedings{beck2011,
  title={Spacio-temporal situation assessment for mobile robots},
  author={Beck, Anders Billes{\o} and Risager, Claus and Andersen, Nils A and Ravn, Ole},
  booktitle={Information Fusion (FUSION), 2011 Proceedings of the 14th International Conference on},
  pages={1--8},
  year={2011},
  organization={IEEE}
}

@inproceedings{amit2014,
  TITLE = {{Romeo2 Project: Humanoid Robot Assistant and Companion for Everyday Life: I. Situation Assessment for Social Intelligence}},
  AUTHOR = {Kumar Pandey, Amit and Gelin, Rodolphe and Alami, Rachid and Viry, Renaud and Buendia, Axel and Meertens, Roland and Chetouani, Mohamed and Devillers, Laurence and Tahon, Marie and Filliat, David and Grenier, Yves and Maazaoui, Mounira and Kheddar, Abderrahmane and Lerasle, Fr{\'e}d{\'e}ric and Fitte-Duval, Laurent},
  URL = {https://hal.archives-ouvertes.fr/hal-01096094},
  BOOKTITLE = {{International Workshop on Artificial Intelligence and Cognition, 2nd Edition}},
  ADDRESS = {Torino, Italy},
  HAL_LOCAL_REFERENCE = {Rapport LAAS n{\textdegree} 14665},
  PUBLISHER = {{CEUR Workshop Proceedings (CEUR-WS.org)}},
  SERIES = {Proceedings of the Second International Workshop on Artificial Intelligence and Cognition (AIC 2014)},
  VOLUME = {1315},
  PAGES = {140-147},
  YEAR = {2014},
  MONTH = Nov,
  KEYWORDS = {Situation Assessment ; Socially Intelligent Robot ; Human Robot Interaction ; Robot Companion},
  PDF = {https://hal.archives-ouvertes.fr/hal-01096094/file/Romeo2_perception_AIC_2014_Camera_Ready_Final.pdf},
  HAL_ID = {hal-01096094},
  HAL_VERSION = {v1},
}